@ARTICLE{Athanassoula_92,
   author = {{Athanassoula}, E.},
    title = "{The existence and shapes of dust lanes in galactic bars}",
  journal = {\mnras},
 keywords = {BARRED GALAXIES, COSMIC DUST, GALACTIC ROTATION, GAS FLOW, STELLAR MOTIONS, ASTRONOMICAL MODELS, CELESTIAL MECHANICS},
     year = 1992,
    month = nov,
   volume = 259,
    pages = {345-364},
   adsurl = {http://adsabs.harvard.edu/abs/1992MNRAS.259..345A},
  adsnote = {Provided by the SAO/NASA Astrophysics Data System}
}

@ARTICLE{Ballesteros_Paredes_06,
   author = {{Ballesteros-Paredes}, J. and {Gazol}, A. and {Kim}, J. and 
	{Klessen}, R.~S. and {Jappsen}, A.-K. and {Tejero}, E.},
    title = "{The Mass Spectra of Cores in Turbulent Molecular Clouds and Implications for the Initial Mass Function}",
  journal = {\apj},
   eprint = {arXiv:astro-ph/0509591},
 keywords = {ISM: Clouds, Methods: Numerical, Stars: Formation, Turbulence},
     year = 2006,
    month = jan,
   volume = 637,
    pages = {384-391},
      doi = {10.1086/498228},
   adsurl = {http://adsabs.harvard.edu/abs/2006ApJ...637..384B},
  adsnote = {Provided by the SAO/NASA Astrophysics Data System}
}

@ARTICLE{Berger_84,
   author = {{Berger}, M.~J. and {Oliger}, J.},
    title = "{Adaptive Mesh Refinement for Hyperbolic Partial Differential Equations}",
  journal = {Journal of Computational Physics},
     year = 1984,
    month = mar,
   volume = 53,
    pages = {484},
      doi = {10.1016/0021-9991(84)90073-1},
   adsurl = {http://adsabs.harvard.edu/abs/1984JCoPh..53..484B},
  adsnote = {Provided by the SAO/NASA Astrophysics Data System}
}

@ARTICLE{Berger_Colella_89,
   author = {{Berger}, M.~J. and {Colella}, P.},
    title = "{Local adaptive mesh refinement for shock hydrodynamics}",
  journal = {Journal of Computational Physics},
 keywords = {CONSERVATION LAWS, GRID GENERATION (MATHEMATICS), HYDRODYNAMICS, SHOCK WAVES, ALGORITHMS, BOUNDARY INTEGRAL METHOD, DISCONTINUITY, ERROR ANALYSIS, EULER EQUATIONS OF MOTION, NUMERICAL ANALYSIS},
     year = 1989,
    month = may,
   volume = 82,
    pages = {64-84},
      doi = {10.1016/0021-9991(89)90035-1},
   adsurl = {http://adsabs.harvard.edu/abs/1989JCoPh..82...64B},
  adsnote = {Provided by the SAO/NASA Astrophysics Data System}
}

@ARTICLE{Bigiel_08,
   author = {{Bigiel}, F. and {Leroy}, A. and {Walter}, F. and {Brinks}, E. and 
	{de Blok}, W.~J.~G. and {Madore}, B. and {Thornley}, M.~D.},
    title = "{The Star Formation Law in Nearby Galaxies on Sub-Kpc Scales}",
  journal = {\aj},
archivePrefix = "arXiv",
   eprint = {0810.2541},
 keywords = {galaxies: evolution, galaxies: ISM, radio lines: galaxies, radio lines: ISM},
     year = 2008,
    month = dec,
   volume = 136,
    pages = {2846-2871},
      doi = {10.1088/0004-6256/136/6/2846},
   adsurl = {http://adsabs.harvard.edu/abs/2008AJ....136.2846B},
  adsnote = {Provided by the SAO/NASA Astrophysics Data System}
}

@BOOK{Binney_Tremaine_08,
   author = {{Binney}, J. and {Tremaine}, S.},
    title = "{Galactic Dynamics: Second Edition}",
booktitle = {Galactic Dynamics: Second Edition, by James Binney and Scott Tremaine.~ISBN 978-0-691-13026-2 (HB).~Published by Princeton University Press, Princeton, NJ USA, 2008.},
     year = 2008,
publisher = {Princeton University Press},
   adsurl = {http://adsabs.harvard.edu/abs/2008gady.book.....B},
  adsnote = {Provided by the SAO/NASA Astrophysics Data System}
}

@ARTICLE{Blitz_07,
   author = {{Blitz}, L. and {Fukui}, Y. and {Kawamura}, A. and {Leroy}, A. and 
	{Mizuno}, N. and {Rosolowsky}, E.},
    title = "{Giant Molecular Clouds in Local Group Galaxies}",
  journal = {Protostars and Planets V},
   eprint = {arXiv:astro-ph/0602600},
     year = 2007,
    pages = {81-96},
   adsurl = {http://adsabs.harvard.edu/abs/2007prpl.conf...81B},
  adsnote = {Provided by the SAO/NASA Astrophysics Data System}
}

@ARTICLE{Boissier_03,
   author = {{Boissier}, S. and {Prantzos}, N. and {Boselli}, A. and {Gavazzi}, G.
	},
    title = "{The star formation rate in disc galaxies: thresholds and dependence on gas amount}",
  journal = {\mnras},
   eprint = {arXiv:astro-ph/0309372},
 keywords = {galaxies: evolution, galaxies: general, galaxies: spiral},
     year = 2003,
    month = dec,
   volume = 346,
    pages = {1215-1230},
      doi = {10.1111/j.1365-2966.2003.07170.x},
   adsurl = {http://adsabs.harvard.edu/abs/2003MNRAS.346.1215B},
  adsnote = {Provided by the SAO/NASA Astrophysics Data System}
}

@ARTICLE{Bouche_07,
   author = {{Bouch{\'e}}, N. and {Cresci}, G. and {Davies}, R. and {Eisenhauer}, F. and 
	{F{\"o}rster Schreiber}, N.~M. and {Genzel}, R. and {Gillessen}, S. and 
	{Lehnert}, M. and {Lutz}, D. and {Nesvadba}, N. and {Shapiro}, K.~L. and 
	{Sternberg}, A. and {Tacconi}, L.~J. and {Verma}, A. and {Cimatti}, A. and 
	{Daddi}, E. and {Renzini}, A. and {Erb}, D.~K. and {Shapley}, A. and 
	{Steidel}, C.~C.},
    title = "{Dynamical Properties of z \~{} 2 Star-forming Galaxies and a Universal Star Formation Relation}",
  journal = {\apj},
archivePrefix = "arXiv",
   eprint = {0706.2656},
 keywords = {Cosmology: Observations, Galaxies: Evolution, Infrared: Galaxies},
     year = 2007,
    month = dec,
   volume = 671,
    pages = {303-309},
      doi = {10.1086/522221},
   adsurl = {http://adsabs.harvard.edu/abs/2007ApJ...671..303B},
  adsnote = {Provided by the SAO/NASA Astrophysics Data System}
}

@ARTICLE{Bloemen_86,
   author = {{Bloemen}, J.~B.~G.~M. and {Strong}, A.~W. and {Mayer-Hasselwander}, H.~A. and 
	{Blitz}, L. and {Cohen}, R.~S. and {Dame}, T.~M. and {Grabelsky}, D.~A. and 
	{Thaddeus}, P. and {Hermsen}, W. and {Lebrun}, F.},
    title = "{The radial distribution of galactic gamma rays. III - The distribution of cosmic rays in the Galaxy and the CO-H2 calibration}",
  journal = {\aap},
 keywords = {CALIBRATING, CARBON MONOXIDE, GALACTIC COSMIC RAYS, GAMMA RAYS, MILKY WAY GALAXY, RADIAL DISTRIBUTION, COS-B SATELLITE, GALACTIC NUCLEI, HYDROGEN, INTERSTELLAR MATTER},
     year = 1986,
    month = jan,
   volume = 154,
    pages = {25-41},
   adsurl = {http://adsabs.harvard.edu/abs/1986A%26A...154...25B},
  adsnote = {Provided by the SAO/NASA Astrophysics Data System}
}

@ARTICLE{Bondi_52,
   author = {{Bondi}, H.},
    title = "{On spherically symmetrical accretion}",
  journal = {\mnras},
     year = 1952,
   volume = 112,
    pages = {195},
   adsurl = {http://adsabs.harvard.edu/abs/1952MNRAS.112..195B},
  adsnote = {Provided by the SAO/NASA Astrophysics Data System}
}

@ARTICLE{Bournaud_10,
   author = {{Bournaud}, F. and {Elmegreen}, B.~G. and {Teyssier}, R. and 
	{Block}, D.~L. and {Puerari}, I.},
    title = "{ISM properties in hydrodynamic galaxy simulations: turbulence cascades, cloud formation, role of gravity and feedback}",
  journal = {\mnras},
archivePrefix = "arXiv",
   eprint = {1007.2566},
 primaryClass = "astro-ph.CO",
 keywords = {ISM: kinematics and dynamics, ISM: structure, galaxies: evolution, galaxies: ISM, galaxies: star formation, galaxies: structure},
     year = 2010,
    month = dec,
   volume = 409,
    pages = {1088-1099},
      doi = {10.1111/j.1365-2966.2010.17370.x},
   adsurl = {http://adsabs.harvard.edu/abs/2010MNRAS.409.1088B},
  adsnote = {Provided by the SAO/NASA Astrophysics Data System}
}

@ARTICLE{Boquien_11,
   author = {{Boquien}, M. and {Lisenfeld}, U. and {Duc}, P.-A. and {Braine}, J. and 
	{Bournaud}, F. and {Brinks}, E. and {Charmandaris}, V.},
    title = "{Studying the spatially resolved Schmidt-Kennicutt law in interacting galaxies: the case of Arp 158}",
  journal = {\aap},
archivePrefix = "arXiv",
   eprint = {1107.0969},
 primaryClass = "astro-ph.CO",
 keywords = {galaxies: star formation, galaxies: interactions},
     year = 2011,
    month = sep,
   volume = 533,
      eid = {A19},
    pages = {A19},
      doi = {10.1051/0004-6361/201117004},
   adsurl = {http://adsabs.harvard.edu/abs/2011A%26A...533A..19B},
  adsnote = {Provided by the SAO/NASA Astrophysics Data System}
}

@INPROCEEDINGS{Bryan_Norman_97,
   author = {{Bryan}, G.~L. and {Norman}, M.~L.},
    title = "{Simulating X-Ray Clusters with Adaptive Mesh Refinement}",
booktitle = {Computational Astrophysics; 12th Kingston Meeting on Theoretical Astrophysics},
     year = 1997,
   series = {Astronomical Society of the Pacific Conference Series},
   volume = 123,
   eprint = {arXiv:astro-ph/9710186},
   editor = "{D.~A.~Clarke \& M.~J.~West}",
    pages = {363},
   adsurl = {http://adsabs.harvard.edu/abs/1997ASPC..123..363B},
  adsnote = {Provided by the SAO/NASA Astrophysics Data System}
}

@ARTICLE{Burkert_01,
   author = {{Burkert}, A. and {Silk}, J.},
    title = "{Star Formation-Regulated Growth of Black Holes in Protogalactic Spheroids}",
  journal = {\apjl},
   eprint = {arXiv:astro-ph/0011511},
 keywords = {Black Hole Physics, Galaxies: Kinematics and Dynamics, Galaxies: Nuclei},
     year = 2001,
    month = jun,
   volume = 554,
    pages = {L151-L154},
      doi = {10.1086/321698},
   adsurl = {http://adsabs.harvard.edu/abs/2001ApJ...554L.151B},
  adsnote = {Provided by the SAO/NASA Astrophysics Data System}
}

@ARTICLE{Cen_Ostriker_92,
   author = {{Cen}, R. and {Ostriker}, J.~P.},
    title = "{Galaxy formation and physical bias}",
  journal = {\apjl},
 keywords = {BIAS, COSMOLOGY, DARK MATTER, GALACTIC EVOLUTION, UNIVERSE, COMPUTATIONAL ASTROPHYSICS, COMPUTERIZED SIMULATION, CORRELATION COEFFICIENTS},
     year = 1992,
    month = nov,
   volume = 399,
    pages = {L113-L116},
      doi = {10.1086/186620},
   adsurl = {http://adsabs.harvard.edu/abs/1992ApJ...399L.113C},
  adsnote = {Provided by the SAO/NASA Astrophysics Data System}
}

@ARTICLE{Ceverino_09,
   author = {{Ceverino}, D. and {Klypin}, A.},
    title = "{The Role of Stellar Feedback in the Formation of Galaxies}",
  journal = {\apj},
archivePrefix = "arXiv",
   eprint = {0712.3285},
 keywords = {galaxies: evolution, galaxies: formation, hydrodynamics, ISM: general, methods: N-body simulations, stars: formation},
     year = 2009,
    month = apr,
   volume = 695,
    pages = {292-309},
      doi = {10.1088/0004-637X/695/1/292},
   adsurl = {http://adsabs.harvard.edu/abs/2009ApJ...695..292C},
  adsnote = {Provided by the SAO/NASA Astrophysics Data System}
}

@ARTICLE{Chabrier_03,
   author = {{Chabrier}, G.},
    title = "{Galactic Stellar and Substellar Initial Mass Function}",
  journal = {\pasp},
   eprint = {arXiv:astro-ph/0304382},
 keywords = {Galaxies: Luminosity Function, Mass Function, Invited Reviews},
     year = 2003,
    month = jul,
   volume = 115,
    pages = {763-795},
      doi = {10.1086/376392},
   adsurl = {http://adsabs.harvard.edu/abs/2003PASP..115..763C},
  adsnote = {Provided by the SAO/NASA Astrophysics Data System}
}

@ARTICLE{Chang_07,
   author = {{Chang}, P. and {Murray-Clay}, R. and {Chiang}, E. and {Quataert}, E.
	},
    title = "{The Origin of the Young Stars in the Nucleus of M31}",
  journal = {\apj},
archivePrefix = "arXiv",
   eprint = {0704.3831},
 keywords = {Galaxies: Individual: Messier Number: M31, Galaxies: Nuclei, Galaxies: Starburst},
     year = 2007,
    month = oct,
   volume = 668,
    pages = {236-244},
      doi = {10.1086/521018},
   adsurl = {http://adsabs.harvard.edu/abs/2007ApJ...668..236C},
  adsnote = {Provided by the SAO/NASA Astrophysics Data System}
}

@ARTICLE{Colella_Woodward_84,
   author = {{Colella}, P. and {Woodward}, P.~R.},
    title = "{The Piecewise Parabolic Method (PPM) for Gas-Dynamical Simulations}",
  journal = {Journal of Computational Physics},
     year = 1984,
    month = sep,
   volume = 54,
    pages = {174-201},
      doi = {10.1016/0021-9991(84)90143-8},
   adsurl = {http://adsabs.harvard.edu/abs/1984JCoPh..54..174C},
  adsnote = {Provided by the SAO/NASA Astrophysics Data System}
}

@ARTICLE{Daddi_10,
   author = {{Daddi}, E. and {Elbaz}, D. and {Walter}, F. and {Bournaud}, F. and 
	{Salmi}, F. and {Carilli}, C. and {Dannerbauer}, H. and {Dickinson}, M. and 
	{Monaco}, P. and {Riechers}, D.},
    title = "{Different Star Formation Laws for Disks Versus Starbursts at Low and High Redshifts}",
  journal = {\apjl},
archivePrefix = "arXiv",
   eprint = {1003.3889},
 primaryClass = "astro-ph.CO",
 keywords = {cosmology: observations, galaxies: evolution, galaxies: formation, galaxies: starburst, infrared: galaxies},
     year = 2010,
    month = may,
   volume = 714,
    pages = {L118-L122},
      doi = {10.1088/2041-8205/714/1/L118},
   adsurl = {http://adsabs.harvard.edu/abs/2010ApJ...714L.118D},
  adsnote = {Provided by the SAO/NASA Astrophysics Data System}
}

@ARTICLE{Dedner_02,
   author = {{Dedner}, A. and {Kemm}, F. and {Kr{\"o}ner}, D. and {Munz}, C.-D. and 
	{Schnitzer}, T. and {Wesenberg}, M.},
    title = "{Hyperbolic Divergence Cleaning for the MHD Equations}",
  journal = {Journal of Computational Physics},
     year = 2002,
    month = jan,
   volume = 175,
    pages = {645-673},
      doi = {10.1006/jcph.2001.6961},
   adsurl = {http://adsabs.harvard.edu/abs/2002JCoPh.175..645D},
  adsnote = {Provided by the SAO/NASA Astrophysics Data System}
}

@ARTICLE{Di_Matteo_08,
   author = {{Di Matteo}, T. and {Colberg}, J. and {Springel}, V. and {Hernquist}, L. and 
	{Sijacki}, D.},
    title = "{Direct Cosmological Simulations of the Growth of Black Holes and Galaxies}",
  journal = {\apj},
archivePrefix = "arXiv",
   eprint = {0705.2269},
 keywords = {Cosmology: Theory, Galaxies: Active, Galaxies: Evolution, Galaxies: Formation, Hydrodynamics, Galaxies: Quasars: General},
     year = 2008,
    month = mar,
   volume = 676,
    pages = {33-53},
      doi = {10.1086/524921},
   adsurl = {http://adsabs.harvard.edu/abs/2008ApJ...676...33D},
  adsnote = {Provided by the SAO/NASA Astrophysics Data System}
}

@ARTICLE{Elmegreen_89,
   author = {{Elmegreen}, B.~G.},
    title = "{A pressure and metallicity dependence for molecular cloud correlations and the calibration of mass}",
  journal = {\apj},
 keywords = {DWARF GALAXIES, MAGELLANIC CLOUDS, METALLICITY, MOLECULAR CLOUDS, PRESSURE DEPENDENCE, VIRIAL THEOREM, BRIGHTNESS TEMPERATURE, CARBON MONOXIDE, H I REGIONS, INTERSTELLAR GAS, INTERSTELLAR MAGNETIC FIELDS, MASS DISTRIBUTION, SPECTRAL LINE WIDTH},
     year = 1989,
    month = mar,
   volume = 338,
    pages = {178-196},
      doi = {10.1086/167192},
   adsurl = {http://adsabs.harvard.edu/abs/1989ApJ...338..178E},
  adsnote = {Provided by the SAO/NASA Astrophysics Data System}
}

@INPROCEEDINGS{Elmegreen_97,
   author = {{Elmegreen}, B.~G.},
    title = "{Theory of Starbursts in Nuclear Rings}",
booktitle = {Revista Mexicana de Astronomia y Astrofisica Conference Series},
     year = 1997,
   series = {Revista Mexicana de Astronomia y Astrofisica, vol. 27},
   volume = 6,
   editor = {{Franco}, J. and {Terlevich}, R. and {Serrano}, A.},
    month = may,
    pages = {165},
   adsurl = {http://adsabs.harvard.edu/abs/1997RMxAC...6..165E},
  adsnote = {Provided by the SAO/NASA Astrophysics Data System}
}

@ARTICLE{Elmegreen_02,
   author = {{Elmegreen}, B.~G.},
    title = "{Star Formation from Galaxies to Globules}",
  journal = {\apj},
   eprint = {arXiv:astro-ph/0207114},
 keywords = {ISM: Clouds, ISM: Structure, Galaxy: Open Clusters and Associations: General, Stars: Formation, Turbulence},
     year = 2002,
    month = sep,
   volume = 577,
    pages = {206-220},
      doi = {10.1086/342177},
   adsurl = {http://adsabs.harvard.edu/abs/2002ApJ...577..206E},
  adsnote = {Provided by the SAO/NASA Astrophysics Data System}
}

@ARTICLE{Bryan_14,
 author = {{Bryan}, G.~L. and {Norman}, M.~L. and {O'Shea}, B.~W. and {Abel}, T. and 
 {Wise}, J.~H. and {Turk}, M.~J. and {Reynolds}, D.~R. and {Collins}, D.~C. and 
 {Wang}, P. and {Skillman}, S.~W. and {Smith}, B. and {Harkness}, R.~P. and 
 {Bordner}, J. and {Kim}, J.-h. and {Kuhlen}, M. and {Xu}, H. and 
 {Goldbaum}, N. and {Hummels}, C. and {Kritsuk}, A.~G. and {Tasker}, E. and 
 {Skory}, S. and {Simpson}, C.~M. and {Hahn}, O. and {Oishi}, J.~S. and 
 {So}, G.~C. and {Zhao}, F. and {Cen}, R. and {Li}, Y. and {The Enzo Collaboration}
 },
 title = "{ENZO: An Adaptive Mesh Refinement Code for Astrophysics}",
 journal = {\apjs},
 archivePrefix = "arXiv",
 eprint = {1307.2265},
 primaryClass = "astro-ph.IM",
 keywords = {hydrodynamics, methods: numerical },
 year = 2014,
 month = apr,
 volume = 211,
 eid = {19},
 pages = {19},
 doi = {10.1088/0067-0049/211/2/19},
 adsurl = {http://adsabs.harvard.edu/abs/2014ApJS..211...19B},
 adsnote = {Provided by the SAO/NASA Astrophysics Data System}
 }

@ARTICLE{Escala_13,
   author = {{Escala}, A. and {Becerra}, F. and {del Valle}, L. and {Castillo}, E.
	},
    title = "{Gravitational Fragmentation in Galaxy Mergers: A Stability Criterion}",
  journal = {\apj},
archivePrefix = "arXiv",
   eprint = {1202.1283},
 primaryClass = "astro-ph.CO",
 keywords = {galaxies: formation, galaxies: interactions, galaxies: star clusters: general },
     year = 2013,
    month = jan,
   volume = 763,
      eid = {39},
    pages = {39},
      doi = {10.1088/0004-637X/763/1/39},
   adsurl = {http://adsabs.harvard.edu/abs/2013ApJ...763...39E},
  adsnote = {Provided by the SAO/NASA Astrophysics Data System}
}

@ARTICLE{Escala_06,
   author = {{Escala}, A.},
    title = "{On the Fueling of Massive Black Holes and the Properties of Their Host Spheroids}",
  journal = {\apjl},
   eprint = {arXiv:astro-ph/0604500},
 keywords = {Black Hole Physics, Galaxies: Formation, Galaxies: Quasars: General},
     year = 2006,
    month = sep,
   volume = 648,
    pages = {L13-L16},
      doi = {10.1086/507988},
   adsurl = {http://adsabs.harvard.edu/abs/2006ApJ...648L..13E},
  adsnote = {Provided by the SAO/NASA Astrophysics Data System}
}

@ARTICLE{Escala_07,
   author = {{Escala}, A.},
    title = "{Toward a Comprehensive Fueling-controlled Theory of the Growth of Massive Black Holes and Host Spheroids}",
  journal = {\apj},
archivePrefix = "arXiv",
   eprint = {0705.4457},
 keywords = {Black Hole Physics, Galaxies: Formation, Galaxies: Quasars: General},
     year = 2007,
    month = dec,
   volume = 671,
    pages = {1264-1271},
      doi = {10.1086/523092},
   adsurl = {http://adsabs.harvard.edu/abs/2007ApJ...671.1264E},
  adsnote = {Provided by the SAO/NASA Astrophysics Data System}
}

@ARTICLE{Escala_08,
   author = {{Escala}, A. and {Larson}, R.~B.},
    title = "{Stability of Galactic Gas Disks and the Formation of Massive Clusters}",
  journal = {\apjl},
archivePrefix = "arXiv",
   eprint = {0806.0853},
 keywords = {Galaxies: Formation, Galaxies: Star Clusters, Instabilities, ISM: Evolution},
     year = 2008,
    month = sep,
   volume = 685,
    pages = {L31-L34},
      doi = {10.1086/592271},
   adsurl = {http://adsabs.harvard.edu/abs/2008ApJ...685L..31E},
  adsnote = {Provided by the SAO/NASA Astrophysics Data System}
}

@ARTICLE{Escala_11,
   author = {{Escala}, A.},
    title = "{A Law for Star Formation in Galaxies}",
  journal = {\apj},
archivePrefix = "arXiv",
   eprint = {1104.3596},
 primaryClass = "astro-ph.CO",
 keywords = {galaxies: formation, galaxies: ISM, galaxies: star formation, instabilities},
     year = 2011,
    month = jul,
   volume = 735,
      eid = {56},
    pages = {56},
      doi = {10.1088/0004-637X/735/1/56},
   adsurl = {http://adsabs.harvard.edu/abs/2011ApJ...735...56E},
  adsnote = {Provided by the SAO/NASA Astrophysics Data System}
}

@ARTICLE{Faber_76,
   author = {{Faber}, S.~M. and {Jackson}, R.~E.},
    title = "{Velocity dispersions and mass-to-light ratios for elliptical galaxies}",
  journal = {\apj},
 keywords = {ELLIPTICAL GALAXIES, GALACTIC NUCLEI, MASS TO LIGHT RATIOS, POWER SPECTRA, VELOCITY DISTRIBUTION, ASTRONOMICAL SPECTROSCOPY, DATA REDUCTION, LIGHT (VISIBLE RADIATION), M STARS, NOISE SPECTRA, SPECTRAL LINE WIDTH},
     year = 1976,
    month = mar,
   volume = 204,
    pages = {668-683},
      doi = {10.1086/154215},
   adsurl = {http://adsabs.harvard.edu/abs/1976ApJ...204..668F},
  adsnote = {Provided by the SAO/NASA Astrophysics Data System}
}

@ARTICLE{Federrath_12,
   author = {{Federrath}, C. and {Klessen}, R.~S.},
    title = "{The Star Formation Rate of Turbulent Magnetized Clouds: Comparing Theory, Simulations, and Observations}",
  journal = {\apj},
archivePrefix = "arXiv",
   eprint = {1209.2856},
 primaryClass = "astro-ph.SR",
 keywords = {ISM: clouds, ISM: kinematics and dynamics, ISM: structure, magnetohydrodynamics: MHD, stars: formation, turbulence},
     year = 2012,
    month = dec,
   volume = 761,
      eid = {156},
    pages = {156},
      doi = {10.1088/0004-637X/761/2/156},
   adsurl = {http://adsabs.harvard.edu/abs/2012ApJ...761..156F},
  adsnote = {Provided by the SAO/NASA Astrophysics Data System}
}

@ARTICLE{Ferrarese_00,
   author = {{Ferrarese}, L. and {Merritt}, D.},
    title = "{A Fundamental Relation between Supermassive Black Holes and Their Host Galaxies}",
  journal = {\apjl},
   eprint = {arXiv:astro-ph/0006053},
 keywords = {Black Hole Physics, Galaxies: Evolution, Galaxies: Kinematics and Dynamics},
     year = 2000,
    month = aug,
   volume = 539,
    pages = {L9-L12},
      doi = {10.1086/312838},
   adsurl = {http://adsabs.harvard.edu/abs/2000ApJ...539L...9F},
  adsnote = {Provided by the SAO/NASA Astrophysics Data System}
}

@ARTICLE{Gebhardt_00,
   author = {{Gebhardt}, K. and {Bender}, R. and {Bower}, G. and {Dressler}, A. and 
	{Faber}, S.~M. and {Filippenko}, A.~V. and {Green}, R. and {Grillmair}, C. and 
	{Ho}, L.~C. and {Kormendy}, J. and {Lauer}, T.~R. and {Magorrian}, J. and 
	{Pinkney}, J. and {Richstone}, D. and {Tremaine}, S.},
    title = "{A Relationship between Nuclear Black Hole Mass and Galaxy Velocity Dispersion}",
  journal = {\apjl},
   eprint = {arXiv:astro-ph/0006289},
 keywords = {Galaxies: General, Galaxies: Nuclei, Galaxies: Statistics},
     year = 2000,
    month = aug,
   volume = 539,
    pages = {L13-L16},
      doi = {10.1086/312840},
   adsurl = {http://adsabs.harvard.edu/abs/2000ApJ...539L..13G},
  adsnote = {Provided by the SAO/NASA Astrophysics Data System}
}

@ARTICLE{Genzel_10,
   author = {{Genzel}, R. and {Tacconi}, L.~J. and {Gracia-Carpio}, J. and 
	{Sternberg}, A. and {Cooper}, M.~C. and {Shapiro}, K. and {Bolatto}, A. and 
	{Bouch{\'e}}, N. and {Bournaud}, F. and {Burkert}, A. and {Combes}, F. and 
	{Comerford}, J. and {Cox}, P. and {Davis}, M. and {Schreiber}, N.~M.~F. and 
	{Garcia-Burillo}, S. and {Lutz}, D. and {Naab}, T. and {Neri}, R. and 
	{Omont}, A. and {Shapley}, A. and {Weiner}, B.},
    title = "{A study of the gas-star formation relation over cosmic time}",
  journal = {\mnras},
archivePrefix = "arXiv",
   eprint = {1003.5180},
 primaryClass = "astro-ph.CO",
 keywords = {stars: formation, ISM: molecules, galaxies: evolution, galaxies: ISM, galaxies: starbursts},
     year = 2010,
    month = oct,
   volume = 407,
    pages = {2091-2108},
      doi = {10.1111/j.1365-2966.2010.16969.x},
   adsurl = {http://adsabs.harvard.edu/abs/2010MNRAS.407.2091G},
  adsnote = {Provided by the SAO/NASA Astrophysics Data System}
}

@ARTICLE{Gingold_77,
   author = {{Gingold}, R.~A. and {Monaghan}, J.~J.},
    title = "{Smoothed particle hydrodynamics - Theory and application to non-spherical stars}",
  journal = {\mnras},
 keywords = {HYDRODYNAMICS, PARTICLE THEORY, STELLAR MODELS, ASTROPHYSICS, STELLAR ROTATION, STELLAR STRUCTURE},
     year = 1977,
    month = nov,
   volume = 181,
    pages = {375-389},
   adsurl = {http://adsabs.harvard.edu/abs/1977MNRAS.181..375G},
  adsnote = {Provided by the SAO/NASA Astrophysics Data System}
}

@ARTICLE{Gnedin_10,
   author = {{Gnedin}, N.~Y. and {Kravtsov}, A.~V.},
    title = "{On the Kennicutt-Schmidt Relation of Low-Metallicity High-Redshift Galaxies}",
  journal = {\apj},
archivePrefix = "arXiv",
   eprint = {0912.3005},
 primaryClass = "astro-ph.CO",
 keywords = {cosmology: theory, galaxies: evolution, galaxies: formation, methods: numerical, stars: formation},
     year = 2010,
    month = may,
   volume = 714,
    pages = {287-295},
      doi = {10.1088/0004-637X/714/1/287},
   adsurl = {http://adsabs.harvard.edu/abs/2010ApJ...714..287G},
  adsnote = {Provided by the SAO/NASA Astrophysics Data System}
}

@ARTICLE{Goldreich_65,
   author = {{Goldreich}, P. and {Lynden-Bell}, D.},
    title = "{I. Gravitational stability of uniformly rotating disks}",
  journal = {\mnras},
     year = 1965,
   volume = 130,
    pages = {97},
   adsurl = {http://adsabs.harvard.edu/abs/1965MNRAS.130...97G},
  adsnote = {Provided by the SAO/NASA Astrophysics Data System}
}

@ARTICLE{Governato_04,
   author = {{Governato}, F. and {Mayer}, L. and {Wadsley}, J. and {Gardner}, J.~P. and 
	{Willman}, B. and {Hayashi}, E. and {Quinn}, T. and {Stadel}, J. and 
	{Lake}, G.},
    title = "{The Formation of a Realistic Disk Galaxy in {$\Lambda$}-dominated Cosmologies}",
  journal = {\apj},
   eprint = {arXiv:astro-ph/0207044},
 keywords = {Galaxies: Formation, Hydrodynamics, Methods: n-Body Simulations},
     year = 2004,
    month = jun,
   volume = 607,
    pages = {688-696},
      doi = {10.1086/383516},
   adsurl = {http://adsabs.harvard.edu/abs/2004ApJ...607..688G},
  adsnote = {Provided by the SAO/NASA Astrophysics Data System}
}

@ARTICLE{Haring_04,
   author = {{H{\"a}ring}, N. and {Rix}, H.-W.},
    title = "{On the Black Hole Mass-Bulge Mass Relation}",
  journal = {\apjl},
   eprint = {arXiv:astro-ph/0402376},
 keywords = {Galaxies: Bulges, Galaxies: Kinematics and Dynamics},
     year = 2004,
    month = apr,
   volume = 604,
    pages = {L89-L92},
      doi = {10.1086/383567},
   adsurl = {http://adsabs.harvard.edu/abs/2004ApJ...604L..89H},
  adsnote = {Provided by the SAO/NASA Astrophysics Data System}
}

@ARTICLE{Hennebelle_11,
   author = {{Hennebelle}, P. and {Chabrier}, G.},
    title = "{Analytical Star Formation Rate from Gravoturbulent Fragmentation}",
  journal = {\apjl},
archivePrefix = "arXiv",
   eprint = {1110.0033},
 primaryClass = "astro-ph.GA",
 keywords = {ISM: clouds, turbulence, stars: formation},
     year = 2011,
    month = dec,
   volume = 743,
      eid = {L29},
    pages = {L29},
      doi = {10.1088/2041-8205/743/2/L29},
   adsurl = {http://adsabs.harvard.edu/abs/2011ApJ...743L..29H},
  adsnote = {Provided by the SAO/NASA Astrophysics Data System}
}

@ARTICLE{Heyer_04,
   author = {{Heyer}, M.~H. and {Corbelli}, E. and {Schneider}, S.~E. and 
	{Young}, J.~S.},
    title = "{The Molecular Gas Distribution and Schmidt Law in M33}",
  journal = {\apj},
   eprint = {arXiv:astro-ph/0311226},
 keywords = {Galaxies: Evolution, Galaxies: Individual: Messier Number: M33, Galaxies: ISM, Stars: Formation},
     year = 2004,
    month = feb,
   volume = 602,
    pages = {723-729},
      doi = {10.1086/381196},
   adsurl = {http://adsabs.harvard.edu/abs/2004ApJ...602..723H},
  adsnote = {Provided by the SAO/NASA Astrophysics Data System}
}

@ARTICLE{Hopkins_13,
   author = {{Hopkins}, P.~F. and {Narayanan}, D. and {Murray}, N.},
    title = "{The meaning and consequences of star formation criteria in galaxy models with resolved stellar feedback}",
  journal = {\mnras},
archivePrefix = "arXiv",
   eprint = {1303.0285},
 primaryClass = "astro-ph.CO",
 keywords = {galaxies: active, galaxies: evolution, galaxies: formation, cosmology: theory},
     year = 2013,
    month = jul,
   volume = 432,
    pages = {2647-2653},
      doi = {10.1093/mnras/stt723},
   adsurl = {http://adsabs.harvard.edu/abs/2013MNRAS.432.2647H},
  adsnote = {Provided by the SAO/NASA Astrophysics Data System}
}

@ARTICLE{Hummels_12,
   author = {{Hummels}, C.~B. and {Bryan}, G.~L.},
    title = "{Adaptive Mesh Refinement Simulations of Galaxy Formation: Exploring Numerical and Physical Parameters}",
  journal = {\apj},
archivePrefix = "arXiv",
   eprint = {1112.0009},
 primaryClass = "astro-ph.GA",
 keywords = {galaxies: evolution, galaxies: formation, hydrodynamics, methods: numerical},
     year = 2012,
    month = apr,
   volume = 749,
      eid = {140},
    pages = {140},
      doi = {10.1088/0004-637X/749/2/140},
   adsurl = {http://adsabs.harvard.edu/abs/2012ApJ...749..140H},
  adsnote = {Provided by the SAO/NASA Astrophysics Data System}
}

@ARTICLE{Hunter_98,
   author = {{Hunter}, D.~A. and {Elmegreen}, B.~G. and {Baker}, A.~L.},
    title = "{The Relationship between Gas, Stars, and Star Formation in Irregular Galaxies: A Test of Simple Models}",
  journal = {\apj},
   eprint = {arXiv:astro-ph/9712353},
 keywords = {GALAXIES: EVOLUTION, GALAXIES: IRREGULAR, GALAXIES: ISM, STARS: FORMATION},
     year = 1998,
    month = jan,
   volume = 493,
    pages = {595},
      doi = {10.1086/305158},
   adsurl = {http://adsabs.harvard.edu/abs/1998ApJ...493..595H},
  adsnote = {Provided by the SAO/NASA Astrophysics Data System}
}

@PHDTHESIS{Kenney_87,
   author = {{Kenney}, J.~D.},
    title = "{Molecular gas in Virgo cluster spiral galaxies}",
 keywords = {MOLECULAR GASES, MORPHOLOGY, SPIRAL GALAXIES, VIRGO GALACTIC CLUSTER, FAR INFRARED RADIATION, STAR FORMATION},
   school = {Massachusetts Univ., Amherst.},
     year = 1987,
   adsurl = {http://adsabs.harvard.edu/abs/1987PhDT.........4K},
  adsnote = {Provided by the SAO/NASA Astrophysics Data System}
}

@ARTICLE{K89,
   author = {{Kennicutt}, Jr., R.~C.},
    title = "{The star formation law in galactic disks}",
  journal = {\apj},
 keywords = {GALACTIC EVOLUTION, H ALPHA LINE, H II REGIONS, INTERSTELLAR GAS, STAR FORMATION RATE, EMISSION SPECTRA, GAS DYNAMICS, RADIAL DISTRIBUTION, SPIRAL GALAXIES},
     year = 1989,
    month = sep,
   volume = 344,
    pages = {685-703},
      doi = {10.1086/167834},
   adsurl = {http://adsabs.harvard.edu/abs/1989ApJ...344..685K},
  adsnote = {Provided by the SAO/NASA Astrophysics Data System}
}

@ARTICLE{K98,
   author = {{Kennicutt}, Jr., R.~C.},
    title = "{The Global Schmidt Law in Star-forming Galaxies}",
  journal = {\apj},
   eprint = {arXiv:astro-ph/9712213},
 keywords = {GALAXIES: EVOLUTION, GALAXIES: ISM, GALAXIES: SPIRAL, GALAXIES: STELLAR CONTENT, GALAXIES: STARBURST, STARS: FORMATION},
     year = 1998,
    month = may,
   volume = 498,
    pages = {541},
      doi = {10.1086/305588},
   adsurl = {http://adsabs.harvard.edu/abs/1998ApJ...498..541K},
  adsnote = {Provided by the SAO/NASA Astrophysics Data System}
}

@ARTICLE{Kennicutt_07,
   author = {{Kennicutt}, Jr., R.~C. and {Calzetti}, D. and {Walter}, F. and 
	{Helou}, G. and {Hollenbach}, D.~J. and {Armus}, L. and {Bendo}, G. and 
	{Dale}, D.~A. and {Draine}, B.~T. and {Engelbracht}, C.~W. and 
	{Gordon}, K.~D. and {Prescott}, M.~K.~M. and {Regan}, M.~W. and 
	{Thornley}, M.~D. and {Bot}, C. and {Brinks}, E. and {de Blok}, E. and 
	{de Mello}, D. and {Meyer}, M. and {Moustakas}, J. and {Murphy}, E.~J. and 
	{Sheth}, K. and {Smith}, J.~D.~T.},
    title = "{Star Formation in NGC 5194 (M51a). II. The Spatially Resolved Star Formation Law}",
  journal = {\apj},
archivePrefix = "arXiv",
   eprint = {0708.0922},
 keywords = {Galaxies: Evolution, galaxies: individual (M51a), galaxies: individual (NGC 5194), Galaxies: ISM, ISM: H II Regions, Infrared: Galaxies, Stars: Formation},
     year = 2007,
    month = dec,
   volume = 671,
    pages = {333-348},
      doi = {10.1086/522300},
   adsurl = {http://adsabs.harvard.edu/abs/2007ApJ...671..333K},
  adsnote = {Provided by the SAO/NASA Astrophysics Data System}
}

@ARTICLE{Kolmogorov_41,
   author = {{Kolmogorov}, A.},
    title = "{The Local Structure of Turbulence in Incompressible Viscous Fluid for Very Large Reynolds' Numbers}",
  journal = {Akademiia Nauk SSSR Doklady},
     year = 1941,
   volume = 30,
    pages = {301-305},
   adsurl = {http://adsabs.harvard.edu/abs/1941DoSSR..30..301K},
  adsnote = {Provided by the SAO/NASA Astrophysics Data System}
}

@ARTICLE{Kraichnan_67,
   author = {{Kraichnan}, R.~H.},
    title = "{Inertial Ranges in Two-Dimensional Turbulence}",
  journal = {Physics of Fluids},
     year = 1967,
    month = jul,
   volume = 10,
    pages = {1417-1423},
      doi = {10.1063/1.1762301},
   adsurl = {http://adsabs.harvard.edu/abs/1967PhFl...10.1417K},
  adsnote = {Provided by the SAO/NASA Astrophysics Data System}
}

@ARTICLE{Kravtsov_03,
   author = {{Kravtsov}, A.~V.},
    title = "{On the Origin of the Global Schmidt Law of Star Formation}",
  journal = {\apjl},
   eprint = {arXiv:astro-ph/0303240},
 keywords = {Cosmology: Theory, Galaxies: Formation, ISM: Structure, Methods: Numerical, Stars: Formation},
     year = 2003,
    month = jun,
   volume = 590,
    pages = {L1-L4},
      doi = {10.1086/376674},
   adsurl = {http://adsabs.harvard.edu/abs/2003ApJ...590L...1K},
  adsnote = {Provided by the SAO/NASA Astrophysics Data System}
}

@ARTICLE{Kritsuk_02,
   author = {{Kritsuk}, A.~G. and {Norman}, M.~L.},
    title = "{Thermal Instability-induced Interstellar Turbulence}",
  journal = {\apjl},
   eprint = {arXiv:astro-ph/0112437},
 keywords = {Hydrodynamics, Instabilities, ISM: Structure, Turbulence},
     year = 2002,
    month = apr,
   volume = 569,
    pages = {L127-L131},
      doi = {10.1086/340785},
   adsurl = {http://adsabs.harvard.edu/abs/2002ApJ...569L.127K},
  adsnote = {Provided by the SAO/NASA Astrophysics Data System}
}

@ARTICLE{Krumholz_05,
   author = {{Krumholz}, M.~R. and {McKee}, C.~F.},
    title = "{A General Theory of Turbulence-regulated Star Formation, from Spirals to Ultraluminous Infrared Galaxies}",
  journal = {\apj},
   eprint = {arXiv:astro-ph/0505177},
 keywords = {Galaxies: ISM, Hydrodynamics, ISM: Clouds, ISM: Kinematics and Dynamics, Stars: Formation, Turbulence},
     year = 2005,
    month = sep,
   volume = 630,
    pages = {250-268},
      doi = {10.1086/431734},
   adsurl = {http://adsabs.harvard.edu/abs/2005ApJ...630..250K},
  adsnote = {Provided by the SAO/NASA Astrophysics Data System}
}

@ARTICLE{Krumholz_Tan_07,
   author = {{Krumholz}, M.~R. and {Tan}, J.~C.},
    title = "{Slow Star Formation in Dense Gas: Evidence and Implications}",
  journal = {\apj},
   eprint = {arXiv:astro-ph/0606277},
 keywords = {ISM: Clouds, Stars: Formation},
     year = 2007,
    month = jan,
   volume = 654,
    pages = {304-315},
      doi = {10.1086/509101},
   adsurl = {http://adsabs.harvard.edu/abs/2007ApJ...654..304K},
  adsnote = {Provided by the SAO/NASA Astrophysics Data System}
}

@ARTICLE{Krumholz_McKee_Tumlinson_09,
   author = {{Krumholz}, M.~R. and {McKee}, C.~F. and {Tumlinson}, J.},
    title = "{The Star Formation Law in Atomic and Molecular Gas}",
  journal = {\apj},
archivePrefix = "arXiv",
   eprint = {0904.0009},
 primaryClass = "astro-ph.GA",
 keywords = {galaxies: ISM, ISM: clouds, ISM: molecules, stars: formation},
     year = 2009,
    month = jul,
   volume = 699,
    pages = {850-856},
      doi = {10.1088/0004-637X/699/1/850},
   adsurl = {http://adsabs.harvard.edu/abs/2009ApJ...699..850K},
  adsnote = {Provided by the SAO/NASA Astrophysics Data System}
}

@ARTICLE{Kuzmin_56,
   author = {{Kuzmin}, G. G.},
    title = ",",
  journal = {\azh},
     year = 1956,
   volume = 33,
    pages = {27},
}

@ARTICLE{Lapidus_67,
   author = {{Lapidus}, A.},
    title = "{A Detached Shock Calculation by Second-Order Finite Differences}",
  journal = {Journal of Computational Physics},
     year = 1967,
    month = nov,
   volume = 2,
    pages = {154},
      doi = {10.1016/0021-9991(67)90032-0},
   adsurl = {http://adsabs.harvard.edu/abs/1967JCoPh...2..154L},
  adsnote = {Provided by the SAO/NASA Astrophysics Data System}
}

@ARTICLE{Leroy_08,
   author = {{Leroy}, A.~K. and {Walter}, F. and {Brinks}, E. and {Bigiel}, F. and 
	{de Blok}, W.~J.~G. and {Madore}, B. and {Thornley}, M.~D.},
    title = "{The Star Formation Efficiency in Nearby Galaxies: Measuring Where Gas Forms Stars Effectively}",
  journal = {\aj},
archivePrefix = "arXiv",
   eprint = {0810.2556},
 keywords = {galaxies: evolution, galaxies: ISM, radio lines: galaxies, stars: formation},
     year = 2008,
    month = dec,
   volume = 136,
    pages = {2782-2845},
      doi = {10.1088/0004-6256/136/6/2782},
   adsurl = {http://adsabs.harvard.edu/abs/2008AJ....136.2782L},
  adsnote = {Provided by the SAO/NASA Astrophysics Data System}
}

@ARTICLE{Li_05,
   author = {{Li}, Y. and {Mac Low}, M.-M. and {Klessen}, R.~S.},
    title = "{Control of Star Formation in Galaxies by Gravitational Instability}",
  journal = {\apjl},
   eprint = {arXiv:astro-ph/0407247},
 keywords = {Galaxies: ISM, Galaxies: Spiral, Galaxies: Star Clusters, Galaxy: Evolution, Galaxy: Kinematics and Dynamics, Stars: Formation},
     year = 2005,
    month = feb,
   volume = 620,
    pages = {L19-L22},
      doi = {10.1086/428497},
   adsurl = {http://adsabs.harvard.edu/abs/2005ApJ...620L..19L},
  adsnote = {Provided by the SAO/NASA Astrophysics Data System}
}

@ARTICLE{Li_07,
   author = {{Li}, Y. and {Haiman}, Z. and {Mac Low}, M.-M.},
    title = "{Correlations between Central Massive Objects and Their Host Galaxies: From Bulgeless Spirals to Ellipticals}",
  journal = {\apj},
   eprint = {arXiv:astro-ph/0607444},
 keywords = {Galaxies: Elliptical and Lenticular, cD, Galaxies: Evolution, Galaxies: ISM, Galaxies: Kinematics and Dynamics, Galaxies: Nuclei, Galaxies: Spiral, Galaxies: Star Clusters, Stars: Formation},
     year = 2007,
    month = jul,
   volume = 663,
    pages = {61-70},
      doi = {10.1086/518398},
   adsurl = {http://adsabs.harvard.edu/abs/2007ApJ...663...61L},
  adsnote = {Provided by the SAO/NASA Astrophysics Data System}
}

@ARTICLE{Lucy_77,
   author = {{Lucy}, L.~B.},
    title = "{A numerical approach to the testing of the fission hypothesis}",
  journal = {\aj},
 keywords = {BINARY STARS, HYPOTHESES, NUCLEAR FISSION, NUMERICAL ANALYSIS, PROTOSTARS, STELLAR EVOLUTION, ASTRONOMICAL MODELS, DIFFERENCE EQUATIONS, GAS DYNAMICS, MONTE CARLO METHOD, NUMERICAL STABILITY, PARTICLE MOTION, STELLAR ROTATION},
     year = 1977,
    month = dec,
   volume = 82,
    pages = {1013-1024},
      doi = {10.1086/112164},
   adsurl = {http://adsabs.harvard.edu/abs/1977AJ.....82.1013L},
  adsnote = {Provided by the SAO/NASA Astrophysics Data System}
}

@ARTICLE{MacLow_04,
   author = {{Mac Low}, M.-M. and {Klessen}, R.~S.},
    title = "{Control of star formation by supersonic turbulence}",
  journal = {Reviews of Modern Physics},
   eprint = {arXiv:astro-ph/0301093},
     year = 2004,
    month = jan,
   volume = 76,
    pages = {125-194},
      doi = {10.1103/RevModPhys.76.125},
   adsurl = {http://adsabs.harvard.edu/abs/2004RvMP...76..125M},
  adsnote = {Provided by the SAO/NASA Astrophysics Data System}
}

@ARTICLE{Marconi_03,
   author = {{Marconi}, A. and {Hunt}, L.~K.},
    title = "{The Relation between Black Hole Mass, Bulge Mass, and Near-Infrared Luminosity}",
  journal = {\apjl},
   eprint = {arXiv:astro-ph/0304274},
 keywords = {Black Hole Physics, Galaxies: Bulges, Galaxies: Fundamental Parameters, Galaxies: Nuclei},
     year = 2003,
    month = may,
   volume = 589,
    pages = {L21-L24},
      doi = {10.1086/375804},
   adsurl = {http://adsabs.harvard.edu/abs/2003ApJ...589L..21M},
  adsnote = {Provided by the SAO/NASA Astrophysics Data System}
}

@ARTICLE{Martin_01,
   author = {{Martin}, C.~L. and {Kennicutt}, Jr., R.~C.},
    title = "{Star Formation Thresholds in Galactic Disks}",
  journal = {\apj},
   eprint = {arXiv:astro-ph/0103181},
 keywords = {Galaxies: Evolution, Galaxies: ISM, Galaxies: Stellar Content, Stars: Formation},
     year = 2001,
    month = jul,
   volume = 555,
    pages = {301-321},
      doi = {10.1086/321452},
   adsurl = {http://adsabs.harvard.edu/abs/2001ApJ...555..301M},
  adsnote = {Provided by the SAO/NASA Astrophysics Data System}
}

@ARTICLE{McKee_Ostriker_77,
   author = {{McKee}, C.~F. and {Ostriker}, J.~P.},
    title = "{A theory of the interstellar medium - Three components regulated by supernova explosions in an inhomogeneous substrate}",
  journal = {\apj},
 keywords = {INTERSTELLAR MATTER, NEBULAE, SUPERNOVA REMNANTS, X RAY SOURCES, ABSORPTION SPECTRA, ADIABATIC CONDITIONS, ASTRONOMICAL MODELS, BACKGROUND RADIATION, CLOUDS, EVAPORATION, HIGH TEMPERATURE GASES, RAREFIED GASES},
     year = 1977,
    month = nov,
   volume = 218,
    pages = {148-169},
      doi = {10.1086/155667},
   adsurl = {http://adsabs.harvard.edu/abs/1977ApJ...218..148M},
  adsnote = {Provided by the SAO/NASA Astrophysics Data System}
}

@ARTICLE{Miyamoto_Nagai_75,
   author = {{Miyamoto}, M. and {Nagai}, R.},
    title = "{Three-dimensional models for the distribution of mass in galaxies}",
  journal = {\pasj},
 keywords = {ASTRONOMICAL MODELS, DENSITY DISTRIBUTION, GALACTIC STRUCTURE, MASS DISTRIBUTION, POTENTIAL THEORY, THREE DIMENSIONAL MODELS, FUNCTIONS (MATHEMATICS), GLOBULAR CLUSTERS, GRAVITATIONAL EFFECTS, MATHEMATICAL MODELS, MILKY WAY GALAXY},
     year = 1975,
   volume = 27,
    pages = {533-543},
   adsurl = {http://adsabs.harvard.edu/abs/1975PASJ...27..533M},
  adsnote = {Provided by the SAO/NASA Astrophysics Data System}
}

@ARTICLE{Monaghan_92,
   author = {{Monaghan}, J.~J.},
    title = "{Smoothed particle hydrodynamics}",
  journal = {\araa},
 keywords = {COMPUTATIONAL FLUID DYNAMICS, FINITE DIFFERENCE THEORY, HYDRODYNAMICS, KERNEL FUNCTIONS, PARTICLE ENERGY, PARTICLE MASS, ANGULAR MOMENTUM, PARTIAL DIFFERENTIAL EQUATIONS, PARTICLE IN CELL TECHNIQUE, PRESSURE GRADIENTS},
     year = 1992,
   volume = 30,
    pages = {543-574},
      doi = {10.1146/annurev.aa.30.090192.002551},
   adsurl = {http://adsabs.harvard.edu/abs/1992ARA%26A..30..543M},
  adsnote = {Provided by the SAO/NASA Astrophysics Data System}
}

@ARTICLE{Motte_98,
   author = {{Motte}, F. and {Andre}, P. and {Neri}, R.},
    title = "{The initial conditions of star formation in the rho Ophiuchi main cloud: wide-field millimeter continuum mapping}",
  journal = {\aap},
 keywords = {ISM: INDIVIDUAL OBJECTS: RHO OPHIUCHI, CIRCUMSTELLAR MATTER, ISM: CLOUDS, ISM: STRUCTURE, STARS: FORMATION},
     year = 1998,
    month = aug,
   volume = 336,
    pages = {150-172},
   adsurl = {http://adsabs.harvard.edu/abs/1998A%26A...336..150M},
  adsnote = {Provided by the SAO/NASA Astrophysics Data System}
}

@ARTICLE{Narayanan_12,
   author = {{Narayanan}, D. and {Krumholz}, M.~R. and {Ostriker}, E.~C. and 
	{Hernquist}, L.},
    title = "{A general model for the CO-H$_{2}$ conversion factor in galaxies with applications to the star formation law}",
  journal = {\mnras},
archivePrefix = "arXiv",
   eprint = {1110.3791},
 primaryClass = "astro-ph.GA",
 keywords = {ISM: clouds, ISM: molecules, galaxies: interactions, galaxies: ISM, galaxies: starburst, galaxies: star formation},
     year = 2012,
    month = apr,
   volume = 421,
    pages = {3127-3146},
      doi = {10.1111/j.1365-2966.2012.20536.x},
   adsurl = {http://adsabs.harvard.edu/abs/2012MNRAS.421.3127N},
  adsnote = {Provided by the SAO/NASA Astrophysics Data System}
}

@ARTICLE{NFW97,
   author = {{Navarro}, J.~F. and {Frenk}, C.~S. and {White}, S.~D.~M.},
    title = "{A Universal Density Profile from Hierarchical Clustering}",
  journal = {\apj},
   eprint = {arXiv:astro-ph/9611107},
 keywords = {COSMOLOGY: THEORY, COSMOLOGY: DARK MATTER, GALAXIES: HALOS, METHODS: NUMERICAL},
     year = 1997,
    month = dec,
   volume = 490,
    pages = {493},
      doi = {10.1086/304888},
   adsurl = {http://adsabs.harvard.edu/abs/1997ApJ...490..493N},
  adsnote = {Provided by the SAO/NASA Astrophysics Data System}
}

@INPROCEEDINGS{Norman_Bryan_99,
   author = {{Norman}, M.~L. and {Bryan}, G.~L.},
    title = "{Cosmological Adaptive Mesh Refinement$^{CD}$}",
booktitle = {Numerical Astrophysics},
     year = 1999,
   series = {Astrophysics and Space Science Library},
   volume = 240,
   eprint = {arXiv:astro-ph/9807121},
   editor = "{S.~M.~Miyama, K.~Tomisaka, \& T.~Hanawa}",
    pages = {19},
   adsurl = {http://adsabs.harvard.edu/abs/1999ASSL..240...19N},
  adsnote = {Provided by the SAO/NASA Astrophysics Data System}
}

@INPROCEEDINGS{Norman_Winkler_86,
   author = {{Norman}, M.~L. and {Winkler}, K.-H.~A.},
    title = "{2-D Eulerian Hydrodynamics with Fluid Interfaces, Self-Gravity and Rotation}",
booktitle = {Astrophysical Radiation Hydrodynamics},
     year = 1986,
   editor = {{Winkler}, K.-H.~A. and {Norman}, M.~L.},
    pages = {187},
   adsurl = {http://adsabs.harvard.edu/abs/1986arh..conf..187N},
  adsnote = {Provided by the SAO/NASA Astrophysics Data System}
}

@ARTICLE{Onodera_10,
   author = {{Onodera}, S. and {Kuno}, N. and {Tosaki}, T. and {Kohno}, K. and 
	{Nakanishi}, K. and {Sawada}, T. and {Muraoka}, K. and {Komugi}, S. and 
	{Miura}, R. and {Kaneko}, H. and {Hirota}, A. and {Kawabe}, R.
	},
    title = "{Breakdown of Kennicutt-Schmidt Law at Giant Molecular Cloud Scales in M33}",
  journal = {\apjl},
archivePrefix = "arXiv",
   eprint = {1009.1971},
 primaryClass = "astro-ph.GA",
 keywords = {galaxies: individual: M33, galaxies: ISM, ISM: clouds, H II regions, stars: formation},
     year = 2010,
    month = oct,
   volume = 722,
    pages = {L127-L131},
      doi = {10.1088/2041-8205/722/2/L127},
   adsurl = {http://adsabs.harvard.edu/abs/2010ApJ...722L.127O},
  adsnote = {Provided by the SAO/NASA Astrophysics Data System}
}

@ARTICLE{Oshea_04,
   author = {{O'Shea}, B.~W. and {Bryan}, G. and {Bordner}, J. and {Norman}, M.~L. and 
	{Abel}, T. and {Harkness}, R. and {Kritsuk}, A.},
    title = "{Introducing Enzo, an AMR Cosmology Application}",
  journal = {ArXiv Astrophysics e-prints},
   eprint = {arXiv:astro-ph/0403044},
 keywords = {Astrophysics},
     year = 2004,
    month = mar,
   adsurl = {http://adsabs.harvard.edu/abs/2004astro.ph..3044O},
  adsnote = {Provided by the SAO/NASA Astrophysics Data System}
}

@ARTICLE{Padoan_11,
   author = {{Padoan}, P. and {Nordlund}, {\AA}.},
    title = "{The Star Formation Rate of Supersonic Magnetohydrodynamic Turbulence}",
  journal = {\apj},
archivePrefix = "arXiv",
   eprint = {0907.0248},
 primaryClass = "astro-ph.GA",
 keywords = {ISM: kinematics and dynamics, magnetohydrodynamics: MHD, stars: formation, turbulence},
     year = 2011,
    month = mar,
   volume = 730,
      eid = {40},
    pages = {40},
      doi = {10.1088/0004-637X/730/1/40},
   adsurl = {http://adsabs.harvard.edu/abs/2011ApJ...730...40P},
  adsnote = {Provided by the SAO/NASA Astrophysics Data System}
}

@ARTICLE{Padoan_07,
   author = {{Padoan}, P. and {Nordlund}, {\AA}. and {Kritsuk}, A.~G. and 
	{Norman}, M.~L. and {Li}, P.~S.},
    title = "{Two Regimes of Turbulent Fragmentation and the Stellar Initial Mass Function from Primordial to Present-Day Star Formation}",
  journal = {\apj},
   eprint = {arXiv:astro-ph/0701795},
 keywords = {ISM: Kinematics and Dynamics, Stars: Formation, Turbulence},
     year = 2007,
    month = jun,
   volume = 661,
    pages = {972-981},
      doi = {10.1086/516623},
   adsurl = {http://adsabs.harvard.edu/abs/2007ApJ...661..972P},
  adsnote = {Provided by the SAO/NASA Astrophysics Data System}
}

@ARTICLE{Padoan_02,
   author = {{Padoan}, P. and {Nordlund}, {\AA}.},
    title = "{The Stellar Initial Mass Function from Turbulent Fragmentation}",
  journal = {\apj},
   eprint = {arXiv:astro-ph/0011465},
 keywords = {ISM: Kinematics and Dynamics, Stars: Formation, Stars: Luminosity Function, Mass Function, Turbulence},
     year = 2002,
    month = sep,
   volume = 576,
    pages = {870-879},
      doi = {10.1086/341790},
   adsurl = {http://adsabs.harvard.edu/abs/2002ApJ...576..870P},
  adsnote = {Provided by the SAO/NASA Astrophysics Data System}
}

@ARTICLE{Passot_98,
   author = {{Passot}, T. and {V{\'a}zquez-Semadeni}, E.},
    title = "{Density probability distribution in one-dimensional polytropic gas dynamics}",
  journal = {\pre},
   eprint = {arXiv:physics/9802019},
 keywords = {Fundamentals, Supersonic and hypersonic flows, Hydrodynamics},
     year = 1998,
    month = oct,
   volume = 58,
    pages = {4501-4510},
      doi = {10.1103/PhysRevE.58.4501},
   adsurl = {http://adsabs.harvard.edu/abs/1998PhRvE..58.4501P},
  adsnote = {Provided by the SAO/NASA Astrophysics Data System}
}

@ARTICLE{Plummer_11,
   author = {{Plummer}, H.~C.},
    title = "{On the problem of distribution in globular star clusters}",
  journal = {\mnras},
     year = 1911,
    month = mar,
   volume = 71,
    pages = {460-470},
   adsurl = {http://adsabs.harvard.edu/abs/1911MNRAS..71..460P},
  adsnote = {Provided by the SAO/NASA Astrophysics Data System}
}

@ARTICLE{Powell_13,
 author = {{Powell}, L.~C. and {Bournaud}, F. and {Chapon}, D. and {Teyssier}, R.},
 title = "{Beyond the nuclear starburst? Clustered star formation in major mergers}",
 journal = {\mnras},
 archivePrefix = "arXiv",
 eprint = {1306.2641},
 primaryClass = "astro-ph.CO",
 keywords = {methods: numerical, galaxies: evolution, galaxies: interactions, galaxies: ISM, galaxies: starburst},
 year = 2013,
 month = sep,
 volume = 434,
 pages = {1028-1042},
 doi = {10.1093/mnras/stt1036},
 adsurl = {http://adsabs.harvard.edu/abs/2013MNRAS.434.1028P},
 adsnote = {Provided by the SAO/NASA Astrophysics Data System}
 }

@ARTICLE{Robertson_06,
   author = {{Robertson}, B. and {Hernquist}, L. and {Cox}, T.~J. and {Di Matteo}, T. and 
	{Hopkins}, P.~F. and {Martini}, P. and {Springel}, V.},
    title = "{The Evolution of the M$_{BH}$-{$\sigma$} Relation}",
  journal = {\apj},
   eprint = {arXiv:astro-ph/0506038},
 keywords = {Black Hole Physics, Galaxies: Evolution, Galaxies: Formation},
     year = 2006,
    month = apr,
   volume = 641,
    pages = {90-102},
      doi = {10.1086/500348},
   adsurl = {http://adsabs.harvard.edu/abs/2006ApJ...641...90R},
  adsnote = {Provided by the SAO/NASA Astrophysics Data System}
}

@ARTICLE{Robertson_08,
   author = {{Robertson}, B.~E. and {Kravtsov}, A.~V.},
    title = "{Molecular Hydrogen and Global Star Formation Relations in Galaxies}",
  journal = {\apj},
archivePrefix = "arXiv",
   eprint = {0710.2102},
 keywords = {Galaxy: Evolution, Galaxy: Formation, Galaxy: Structure, ISM: General},
     year = 2008,
    month = jun,
   volume = 680,
    pages = {1083-1111},
      doi = {10.1086/587796},
   adsurl = {http://adsabs.harvard.edu/abs/2008ApJ...680.1083R},
  adsnote = {Provided by the SAO/NASA Astrophysics Data System}
}

@ARTICLE{Rosen_Bregman_95,
   author = {{Rosen}, A. and {Bregman}, J.~N.},
    title = "{Global Models of the Interstellar Medium in Disk Galaxies}",
  journal = {\apj},
 keywords = {GALAXIES: ISM, GALAXIES: KINEMATICS AND DYNAMICS, HYDRODYNAMICS},
     year = 1995,
    month = feb,
   volume = 440,
    pages = {634},
      doi = {10.1086/175303},
   adsurl = {http://adsabs.harvard.edu/abs/1995ApJ...440..634R},
  adsnote = {Provided by the SAO/NASA Astrophysics Data System}
}

@ARTICLE{Rosolowsky_05,
   author = {{Rosolowsky}, E.},
    title = "{The Mass Spectra of Giant Molecular Clouds in the Local Group}",
  journal = {\pasp},
   eprint = {arXiv:astro-ph/0508679},
 keywords = {ISM: Clouds, Methods: Data Analysis},
     year = 2005,
    month = dec,
   volume = 117,
    pages = {1403-1410},
      doi = {10.1086/497582},
   adsurl = {http://adsabs.harvard.edu/abs/2005PASP..117.1403R},
  adsnote = {Provided by the SAO/NASA Astrophysics Data System}
}

@ARTICLE{Saitoh_08,
   author = {{Saitoh}, T.~R. and {Daisaka}, H. and {Kokubo}, E. and {Makino}, J. and 
	{Okamoto}, T. and {Tomisaka}, K. and {Wada}, K. and {Yoshida}, N.
	},
    title = "{Toward First-Principle Simulations of Galaxy Formation: I. How Should We Choose Star-Formation Criteria in High-Resolution Simulations of Disk Galaxies?}",
  journal = {\pasj},
archivePrefix = "arXiv",
   eprint = {0802.0961},
     year = 2008,
    month = aug,
   volume = 60,
    pages = {667-},
   adsurl = {http://adsabs.harvard.edu/abs/2008PASJ...60..667S},
  adsnote = {Provided by the SAO/NASA Astrophysics Data System}
}

@ARTICLE{Salpeter_55,
   author = {{Salpeter}, E.~E.},
    title = "{The Luminosity Function and Stellar Evolution.}",
  journal = {\apj},
     year = 1955,
    month = jan,
   volume = 121,
    pages = {161},
      doi = {10.1086/145971},
   adsurl = {http://adsabs.harvard.edu/abs/1955ApJ...121..161S},
  adsnote = {Provided by the SAO/NASA Astrophysics Data System}
}

@ARTICLE{Sarazin_White_87,
   author = {{Sarazin}, C.~L. and {White}, III, R.~E.},
    title = "{Steady state cooling flow models for normal elliptical galaxies}",
  journal = {\apj},
 keywords = {COOLING, COOLING FLOWS (ASTROPHYSICS), ELLIPTICAL GALAXIES, HIGH TEMPERATURE GASES, STEADY STATE, STELLAR MASS, ASTRONOMICAL MODELS, COMPUTATIONAL FLUID DYNAMICS, GALACTIC CLUSTERS, GAS TEMPERATURE, INTERSTELLAR MATTER, X RAYS},
     year = 1987,
    month = sep,
   volume = 320,
    pages = {32-48},
      doi = {10.1086/165522},
   adsurl = {http://adsabs.harvard.edu/abs/1987ApJ...320...32S},
  adsnote = {Provided by the SAO/NASA Astrophysics Data System}
}

@INPROCEEDINGS{Scalo_98,
   author = {{Scalo}, J.},
    title = "{The IMF Revisited: A Case for Variations}",
booktitle = {The Stellar Initial Mass Function (38th Herstmonceux Conference)},
     year = 1998,
   series = {Astronomical Society of the Pacific Conference Series},
   volume = 142,
   eprint = {arXiv:astro-ph/9712317},
   editor = {{Gilmore}, G. and {Howell}, D.},
    pages = {201},
   adsurl = {http://adsabs.harvard.edu/abs/1998ASPC..142..201S},
  adsnote = {Provided by the SAO/NASA Astrophysics Data System}
}

@ARTICLE{Scalo_98a,
   author = {{Scalo}, J. and {Vazquez-Semadeni}, E. and {Chappell}, D. and 
	{Passot}, T.},
    title = "{On the Probability Density Function of Galactic Gas. I. Numerical Simulations and the Significance of the Polytropic Index}",
  journal = {\apj},
   eprint = {arXiv:astro-ph/9710075},
 keywords = {INSTABILITIES, ISM: GENERAL, METHODS: NUMERICAL, MAGNETOHYDRODYNAMICS: MHD, TURBULENCE},
     year = 1998,
    month = sep,
   volume = 504,
    pages = {835},
      doi = {10.1086/306099},
   adsurl = {http://adsabs.harvard.edu/abs/1998ApJ...504..835S},
  adsnote = {Provided by the SAO/NASA Astrophysics Data System}
}

@ARTICLE{Schmidt_59,
   author = {{Schmidt}, M.},
    title = "{The Rate of Star Formation.}",
  journal = {\apj},
     year = 1959,
    month = mar,
   volume = 129,
    pages = {243},
      doi = {10.1086/146614},
   adsurl = {http://adsabs.harvard.edu/abs/1959ApJ...129..243S},
  adsnote = {Provided by the SAO/NASA Astrophysics Data System}
}

@ARTICLE{Schmidt_63,
   author = {{Schmidt}, M.},
    title = "{The Rate of Star Formation. II. The Rate of Formation of Stars of Different Mass.}",
  journal = {\apj},
     year = 1963,
    month = apr,
   volume = 137,
    pages = {758},
      doi = {10.1086/147553},
   adsurl = {http://adsabs.harvard.edu/abs/1963ApJ...137..758S},
  adsnote = {Provided by the SAO/NASA Astrophysics Data System}
}

@ARTICLE{Sellwood_99,
   author = {{Sellwood}, J.~A. and {Balbus}, S.~A.},
    title = "{Differential Rotation and Turbulence in Extended H I Disks}",
  journal = {\apj},
   eprint = {arXiv:astro-ph/9806307},
 keywords = {GALAXIES: ISM, GALAXIES: KINEMATICS AND DYNAMICS, HYDRODYNAMICS, INSTABILITIES, RADIO LINES: GALAXIES, TURBULENCE},
     year = 1999,
    month = feb,
   volume = 511,
    pages = {660-665},
      doi = {10.1086/306728},
   adsurl = {http://adsabs.harvard.edu/abs/1999ApJ...511..660S},
  adsnote = {Provided by the SAO/NASA Astrophysics Data System}
}

@ARTICLE{Shlosman_89,
   author = {{Shlosman}, I. and {Frank}, J. and {Begelman}, M.~C.},
    title = "{Bars within bars - A mechanism for fuelling active galactic nuclei}",
  journal = {\nat},
 keywords = {ACCRETION DISKS, ACTIVE GALACTIC NUCLEI, BLACK HOLES (ASTRONOMY), INTERSTELLAR MATTER, SEYFERT GALAXIES, STARBURST GALAXIES, CHARGE COUPLED DEVICES, H II REGIONS, KINETIC ENERGY},
     year = 1989,
    month = mar,
   volume = 338,
    pages = {45-47},
      doi = {10.1038/338045a0},
   adsurl = {http://adsabs.harvard.edu/abs/1989Natur.338...45S},
  adsnote = {Provided by the SAO/NASA Astrophysics Data System}
}

@ARTICLE{Shlosman_90,
   author = {{Shlosman}, I. and {Begelman}, M.~C. and {Frank}, J.},
    title = "{The fuelling of active galactic nuclei}",
  journal = {\nat},
 keywords = {ACCRETION DISKS, ACTIVE GALACTIC NUCLEI, ASTRONOMICAL MODELS, GALACTIC EVOLUTION, GRAVITATIONAL FIELDS, INTERSTELLAR MATTER, PERTURBATION THEORY, STAR CLUSTERS, STARBURST GALAXIES},
     year = 1990,
    month = jun,
   volume = 345,
    pages = {679-686},
      doi = {10.1038/345679a0},
   adsurl = {http://adsabs.harvard.edu/abs/1990Natur.345..679S},
  adsnote = {Provided by the SAO/NASA Astrophysics Data System}
}

@ARTICLE{Silk_97,
   author = {{Silk}, J.},
    title = "{Feedback, Disk Self-Regulation, and Galaxy Formation}",
  journal = {\apj},
   eprint = {arXiv:astro-ph/9612117},
 keywords = {GALAXIES: FORMATION, GALAXIES: ISM, GALAXIES: KINEMATICS AND DYNAMICS, GALAXIES: STELLAR CONTENT},
     year = 1997,
    month = may,
   volume = 481,
    pages = {703},
      doi = {10.1086/304073},
   adsurl = {http://adsabs.harvard.edu/abs/1997ApJ...481..703S},
  adsnote = {Provided by the SAO/NASA Astrophysics Data System}
}

@ARTICLE{Slyz_05,
   author = {{Slyz}, A.~D. and {Devriendt}, J.~E.~G. and {Bryan}, G. and 
	{Silk}, J.},
    title = "{Towards simulating star formation in the interstellar medium}",
  journal = {\mnras},
   eprint = {arXiv:astro-ph/0411383},
 keywords = {hydrodynamics: methods: numerical: stars: formation: ISM: theory: galaxies: general},
     year = 2005,
    month = jan,
   volume = 356,
    pages = {737-752},
      doi = {10.1111/j.1365-2966.2004.08494.x},
   adsurl = {http://adsabs.harvard.edu/abs/2005MNRAS.356..737S},
  adsnote = {Provided by the SAO/NASA Astrophysics Data System}
}

@ARTICLE{Somerville_08,
   author = {{Somerville}, R.~S. and {Hopkins}, P.~F. and {Cox}, T.~J. and 
	{Robertson}, B.~E. and {Hernquist}, L.},
    title = "{A semi-analytic model for the co-evolution of galaxies, black holes and active galactic nuclei}",
  journal = {\mnras},
archivePrefix = "arXiv",
   eprint = {0808.1227},
 keywords = {galaxies: evolution , galaxies: formation , cosmology: theory},
     year = 2008,
    month = dec,
   volume = 391,
    pages = {481-506},
      doi = {10.1111/j.1365-2966.2008.13805.x},
   adsurl = {http://adsabs.harvard.edu/abs/2008MNRAS.391..481S},
  adsnote = {Provided by the SAO/NASA Astrophysics Data System}
}

@ARTICLE{Springel_03,
   author = {{Springel}, V. and {Hernquist}, L.},
    title = "{Cosmological smoothed particle hydrodynamics simulations: a hybrid multiphase model for star formation}",
  journal = {\mnras},
   eprint = {arXiv:astro-ph/0206393},
 keywords = {methods: numerical, galaxies: evolution, galaxies: formation},
     year = 2003,
    month = feb,
   volume = 339,
    pages = {289-311},
      doi = {10.1046/j.1365-8711.2003.06206.x},
   adsurl = {http://adsabs.harvard.edu/abs/2003MNRAS.339..289S},
  adsnote = {Provided by the SAO/NASA Astrophysics Data System}
}

@ARTICLE{Springel_10,
   author = {{Springel}, V.},
    title = "{Smoothed Particle Hydrodynamics in Astrophysics}",
  journal = {\araa},
archivePrefix = "arXiv",
   eprint = {1109.2219},
 primaryClass = "astro-ph.CO",
     year = 2010,
    month = sep,
   volume = 48,
    pages = {391-430},
      doi = {10.1146/annurev-astro-081309-130914},
   adsurl = {http://adsabs.harvard.edu/abs/2010ARA%26A..48..391S},
  adsnote = {Provided by the SAO/NASA Astrophysics Data System}
}

@ARTICLE{Stone_Norman_92,
   author = {{Stone}, J.~M. and {Norman}, M.~L.},
    title = "{ZEUS-2D: A radiation magnetohydrodynamics code for astrophysical flows in two space dimensions. I - The hydrodynamic algorithms and tests.}",
  journal = {\apjs},
 keywords = {COMPUTATIONAL ASTROPHYSICS, COSMIC PLASMA, HYDRODYNAMIC EQUATIONS, MAGNETOHYDRODYNAMIC FLOW, SELF CONSISTENT FIELDS, COMPUTATIONAL GRIDS, FINITE DIFFERENCE THEORY, PLASMA RADIATION, POISSON EQUATION, RADIATIVE TRANSFER},
     year = 1992,
    month = jun,
   volume = 80,
    pages = {753-790},
      doi = {10.1086/191680},
   adsurl = {http://adsabs.harvard.edu/abs/1992ApJS...80..753S},
  adsnote = {Provided by the SAO/NASA Astrophysics Data System}
}

@ARTICLE{Tan_00,
   author = {{Tan}, J.~C.},
    title = "{Star Formation Rates in Disk Galaxies and Circumnuclear Starbursts from Cloud Collisions}",
  journal = {\apj},
   eprint = {arXiv:astro-ph/9906355},
 keywords = {Galaxies: Spiral, Galaxies: Starburst, ISM: Clouds, Stars: Formation},
     year = 2000,
    month = jun,
   volume = 536,
    pages = {173-184},
      doi = {10.1086/308905},
   adsurl = {http://adsabs.harvard.edu/abs/2000ApJ...536..173T},
  adsnote = {Provided by the SAO/NASA Astrophysics Data System}
}

@ARTICLE{Tasker_Bryan_06,
   author = {{Tasker}, E.~J. and {Bryan}, G.~L.},
    title = "{Simulating Star Formation and Feedback in Galactic Disk Models}",
  journal = {\apj},
   eprint = {arXiv:astro-ph/0512027},
 keywords = {Galaxies: Evolution, Galaxies: ISM, Galaxies: Spiral, ISM: Structure, Methods: Numerical},
     year = 2006,
    month = apr,
   volume = 641,
    pages = {878-890},
      doi = {10.1086/500567},
   adsurl = {http://adsabs.harvard.edu/abs/2006ApJ...641..878T},
  adsnote = {Provided by the SAO/NASA Astrophysics Data System}
}

@ARTICLE{Tasker_08,
   author = {{Tasker}, E.~J. and {Bryan}, G.~L.},
    title = "{The Effect of the Interstellar Model on Star Formation Properties in Galactic Disks}",
  journal = {\apj},
archivePrefix = "arXiv",
   eprint = {0709.1972},
 keywords = {Galaxies: Evolution, Galaxies: ISM, Galaxies: Spiral, ISM: Structure, Methods: Numerical},
     year = 2008,
    month = feb,
   volume = 673,
    pages = {810-831},
      doi = {10.1086/523889},
   adsurl = {http://adsabs.harvard.edu/abs/2008ApJ...673..810T},
  adsnote = {Provided by the SAO/NASA Astrophysics Data System}
}

@ARTICLE{Testi_98,
   author = {{Testi}, L. and {Sargent}, A.~I.},
    title = "{Star Formation in Clusters: A Survey of Compact Millimeter-Wave Sources in the Serpens Core}",
  journal = {\apjl},
   eprint = {arXiv:astro-ph/9809323},
 keywords = {ISM: CLOUDS, RADIO CONTINUUM: ISM, STARS: FORMATION},
     year = 1998,
    month = nov,
   volume = 508,
    pages = {L91-L94},
      doi = {10.1086/311724},
   adsurl = {http://adsabs.harvard.edu/abs/1998ApJ...508L..91T},
  adsnote = {Provided by the SAO/NASA Astrophysics Data System}
}

@ARTICLE{Teyssier_10,
   author = {{Teyssier}, R. and {Chapon}, D. and {Bournaud}, F.},
    title = "{The Driving Mechanism of Starbursts in Galaxy Mergers}",
  journal = {\apjl},
archivePrefix = "arXiv",
   eprint = {1006.4757},
 primaryClass = "astro-ph.CO",
 keywords = {galaxies: formation, galaxies: interactions, galaxies: starburst, stars: formation},
     year = 2010,
    month = sep,
   volume = 720,
    pages = {L149-L154},
      doi = {10.1088/2041-8205/720/2/L149},
   adsurl = {http://adsabs.harvard.edu/abs/2010ApJ...720L.149T},
  adsnote = {Provided by the SAO/NASA Astrophysics Data System}
}

@ARTICLE{Toomre_63,
   author = {{Toomre}, A.},
    title = "{On the Distribution of Matter Within Highly Flattened Galaxies.}",
  journal = {\apj},
     year = 1963,
    month = aug,
   volume = 138,
    pages = {385},
      doi = {10.1086/147653},
   adsurl = {http://adsabs.harvard.edu/abs/1963ApJ...138..385T},
  adsnote = {Provided by the SAO/NASA Astrophysics Data System}
}

@ARTICLE{Toomre_64,
   author = {{Toomre}, A.},
    title = "{On the gravitational stability of a disk of stars}",
  journal = {\apj},
     year = 1964,
    month = may,
   volume = 139,
    pages = {1217-1238},
      doi = {10.1086/147861},
   adsurl = {http://adsabs.harvard.edu/abs/1964ApJ...139.1217T},
  adsnote = {Provided by the SAO/NASA Astrophysics Data System}
}

@ARTICLE{Tremaine_02,
   author = {{Tremaine}, S. and {Gebhardt}, K. and {Bender}, R. and {Bower}, G. and 
	{Dressler}, A. and {Faber}, S.~M. and {Filippenko}, A.~V. and 
	{Green}, R. and {Grillmair}, C. and {Ho}, L.~C. and {Kormendy}, J. and 
	{Lauer}, T.~R. and {Magorrian}, J. and {Pinkney}, J. and {Richstone}, D.
	},
    title = "{The Slope of the Black Hole Mass versus Velocity Dispersion Correlation}",
  journal = {\apj},
   eprint = {arXiv:astro-ph/0203468},
 keywords = {Black Hole Physics, Galaxies: Bulges, Galaxies: Fundamental Parameters, Galaxies: Nuclei, Galaxy: Bulge, Galaxy: Kinematics and Dynamics},
     year = 2002,
    month = aug,
   volume = 574,
    pages = {740-753},
      doi = {10.1086/341002},
   adsurl = {http://adsabs.harvard.edu/abs/2002ApJ...574..740T},
  adsnote = {Provided by the SAO/NASA Astrophysics Data System}
}

@ARTICLE{Truelove_97,
   author = {{Truelove}, J.~K. and {Klein}, R.~I. and {McKee}, C.~F. and 
	{Holliman}, II, J.~H. and {Howell}, L.~H. and {Greenough}, J.~A.
	},
    title = "{The Jeans Condition: A New Constraint on Spatial Resolution in Simulations of Isothermal Self-gravitational Hydrodynamics}",
  journal = {\apjl},
 keywords = {GRAVITATION, HYDRODYNAMICS, ISM: CLOUDS, METHODS: NUMERICAL, STARS: FORMATION},
     year = 1997,
    month = nov,
   volume = 489,
    pages = {L179},
      doi = {10.1086/310975},
   adsurl = {http://adsabs.harvard.edu/abs/1997ApJ...489L.179T},
  adsnote = {Provided by the SAO/NASA Astrophysics Data System}
}

@ARTICLE{Turk_11,
   author = {{Turk}, M.~J. and {Smith}, B.~D. and {Oishi}, J.~S. and {Skory}, S. and 
	{Skillman}, S.~W. and {Abel}, T. and {Norman}, M.~L.},
    title = "{yt: A Multi-code Analysis Toolkit for Astrophysical Simulation Data}",
  journal = {\apjs},
archivePrefix = "arXiv",
   eprint = {1011.3514},
 primaryClass = "astro-ph.IM",
 keywords = {cosmology: theory, methods: data analysis, methods: numerical},
     year = 2011,
    month = jan,
   volume = 192,
      eid = {9},
    pages = {9},
      doi = {10.1088/0067-0049/192/1/9},
   adsurl = {http://adsabs.harvard.edu/abs/2011ApJS..192....9T},
  adsnote = {Provided by the SAO/NASA Astrophysics Data System}
}

@ARTICLE{VanLeer_77,
   author = {{van Leer}, B.},
    title = "{Towards the Ultimate Conservative Difference Scheme. IV. A New Approach to Numerical Convection}",
  journal = {Journal of Computational Physics},
     year = 1977,
    month = mar,
   volume = 23,
    pages = {276},
      doi = {10.1016/0021-9991(77)90095-X},
   adsurl = {http://adsabs.harvard.edu/abs/1977JCoPh..23..276V},
  adsnote = {Provided by the SAO/NASA Astrophysics Data System}
}

@ARTICLE{Vazquez_Semadeni_00,
   author = {{V{\'a}zquez-Semadeni}, E. and {Gazol}, A. and {Scalo}, J.},
    title = "{Is Thermal Instability Significant in Turbulent Galactic Gas?}",
  journal = {\apj},
   eprint = {arXiv:astro-ph/0001027},
 keywords = {Instabilities, ISM: Structure, Turbulence},
     year = 2000,
    month = sep,
   volume = 540,
    pages = {271-285},
      doi = {10.1086/309318},
   adsurl = {http://adsabs.harvard.edu/abs/2000ApJ...540..271V},
  adsnote = {Provided by the SAO/NASA Astrophysics Data System}
}

@ARTICLE{VonNeumann_Richtmyer_50,
   author = {{Vonneumann}, J. and {Richtmyer}, R.~D.},
    title = "{A Method for the Numerical Calculation of Hydrodynamic Shocks}",
  journal = {Journal of Applied Physics},
     year = 1950,
    month = mar,
   volume = 21,
    pages = {232-237},
      doi = {10.1063/1.1699639},
   adsurl = {http://adsabs.harvard.edu/abs/1950JAP....21..232V},
  adsnote = {Provided by the SAO/NASA Astrophysics Data System}
}

@ARTICLE{Verley_10,
   author = {{Verley}, S. and {Corbelli}, E. and {Giovanardi}, C. and {Hunt}, L.~K.
	},
    title = "{Star formation in M 33: the radial and local relations with the gas}",
  journal = {\aap},
archivePrefix = "arXiv",
   eprint = {0912.2015},
 primaryClass = "astro-ph.CO",
 keywords = {galaxies: individual: M 33, galaxies: ISM, Local Group, galaxies: spiral},
     year = 2010,
    month = feb,
   volume = 510,
      eid = {A64},
    pages = {A64},
      doi = {10.1051/0004-6361/200913261},
   adsurl = {http://adsabs.harvard.edu/abs/2010A%26A...510A..64V},
  adsnote = {Provided by the SAO/NASA Astrophysics Data System}
}

@ARTICLE{Wada_99,
   author = {{Wada}, K. and {Norman}, C.~A.},
    title = "{The Global Structure and Evolution of a Self-Gravitating Multiphase Interstellar Medium in a Galactic Disk}",
  journal = {\apjl},
   eprint = {astro-ph/9903171},
 keywords = {GALAXIES: STRUCTURE, ISM: KINEMATICS AND DYNAMICS, ISM: STRUCTURE, METHODS: NUMERICAL},
     year = 1999,
    month = may,
   volume = 516,
    pages = {L13-L16},
      doi = {10.1086/311987},
   adsurl = {http://adsabs.harvard.edu/abs/1999ApJ...516L..13W},
  adsnote = {Provided by the SAO/NASA Astrophysics Data System}
}

@ARTICLE{Wada_01,
   author = {{Wada}, K. and {Norman}, C.~A.},
    title = "{Numerical Models of the Multiphase Interstellar Matter with Stellar Energy Feedback on a Galactic Scale}",
  journal = {\apj},
 keywords = {Galaxies: Structure, ISM: Kinematics and Dynamics, ISM: Structure, Methods: Numerical},
     year = 2001,
    month = jan,
   volume = 547,
    pages = {172-186},
      doi = {10.1086/318344},
   adsurl = {http://adsabs.harvard.edu/abs/2001ApJ...547..172W},
  adsnote = {Provided by the SAO/NASA Astrophysics Data System}
}

@ARTICLE{Wada_02,
   author = {{Wada}, K. and {Meurer}, G. and {Norman}, C.~A.},
    title = "{Gravity-driven Turbulence in Galactic Disks}",
  journal = {\apj},
   eprint = {arXiv:astro-ph/0207641},
 keywords = {galaxies: individual (NGC 2915), ISM: Kinematics and Dynamics, ISM: Structure, Methods: Numerical},
     year = 2002,
    month = sep,
   volume = 577,
    pages = {197-205},
      doi = {10.1086/342151},
   adsurl = {http://adsabs.harvard.edu/abs/2002ApJ...577..197W},
  adsnote = {Provided by the SAO/NASA Astrophysics Data System}
}

@ARTICLE{Wada_07,
   author = {{Wada}, K. and {Norman}, C.~A.},
    title = "{Density Structure of the Interstellar Medium and the Star Formation Rate in Galactic Disks}",
  journal = {\apj},
   eprint = {arXiv:astro-ph/0701595},
 keywords = {Galaxies: Starburst, ISM: Kinematics and Dynamics, ISM: Structure, Methods: Numerical},
     year = 2007,
    month = may,
   volume = 660,
    pages = {276-287},
      doi = {10.1086/513002},
   adsurl = {http://adsabs.harvard.edu/abs/2007ApJ...660..276W},
  adsnote = {Provided by the SAO/NASA Astrophysics Data System}
}

@ARTICLE{HWang_10,
   author = {{Wang}, H.-H. and {Klessen}, R.~S. and {Dullemond}, C.~P. and 
	{van den Bosch}, F.~C. and {Fuchs}, B.},
    title = "{Equilibrium initialization and stability of three-dimensional gas discs}",
  journal = {\mnras},
archivePrefix = "arXiv",
   eprint = {1004.5593},
 primaryClass = "astro-ph.GA",
 keywords = {methods: numerical, galaxies: evolution, galaxies: structure},
     year = 2010,
    month = sep,
   volume = 407,
    pages = {705-720},
      doi = {10.1111/j.1365-2966.2010.16942.x},
   adsurl = {http://adsabs.harvard.edu/abs/2010MNRAS.407..705W},
  adsnote = {Provided by the SAO/NASA Astrophysics Data System}
}

@ARTICLE{Wang_Abel_09,
   author = {{Wang}, P. and {Abel}, T.},
    title = "{Magnetohydrodynamic Simulations of Disk Galaxy Formation: The Magnetization of the Cold and Warm Medium}",
  journal = {\apj},
archivePrefix = "arXiv",
   eprint = {0712.0872},
 keywords = {galaxies: formation, galaxies: ISM},
     year = 2009,
    month = may,
   volume = 696,
    pages = {96-109},
      doi = {10.1088/0004-637X/696/1/96},
   adsurl = {http://adsabs.harvard.edu/abs/2009ApJ...696...96W},
  adsnote = {Provided by the SAO/NASA Astrophysics Data System}
}

@ARTICLE{Wang_10,
   author = {{Wang}, P. and {Li}, Z.-Y. and {Abel}, T. and {Nakamura}, F.
	},
    title = "{Outflow Feedback Regulated Massive Star Formation in Parsec-Scale Cluster-Forming Clumps}",
  journal = {\apj},
archivePrefix = "arXiv",
   eprint = {0908.4129},
 primaryClass = "astro-ph.SR",
 keywords = {ISM: jets and outflows, magnetic fields, methods: numerical, magnetohydrodynamics: MHD, stars: formation, turbulence},
     year = 2010,
    month = jan,
   volume = 709,
    pages = {27-41},
      doi = {10.1088/0004-637X/709/1/27},
   adsurl = {http://adsabs.harvard.edu/abs/2010ApJ...709...27W},
  adsnote = {Provided by the SAO/NASA Astrophysics Data System}
}

@ARTICLE{Williams_97,
   author = {{Williams}, J.~P. and {McKee}, C.~F.},
    title = "{The Galactic Distribution of OB Associations in Molecular Clouds}",
  journal = {\apj},
 keywords = {ISM: H II REGIONS, ISM: CLOUDS, ISM: MOLECULES, GALAXY: OPEN CLUSTERS AND ASSOCIATIONS: GENERAL, STARS: FORMATION},
     year = 1997,
    month = feb,
   volume = 476,
    pages = {166},
      doi = {10.1086/303588},
   adsurl = {http://adsabs.harvard.edu/abs/1997ApJ...476..166W},
  adsnote = {Provided by the SAO/NASA Astrophysics Data System}
}

@ARTICLE{Wong_02,
   author = {{Wong}, T. and {Blitz}, L.},
    title = "{The Relationship between Gas Content and Star Formation in Molecule-rich Spiral Galaxies}",
  journal = {\apj},
   eprint = {arXiv:astro-ph/0112204},
 keywords = {Galaxies: Evolution, Galaxies: ISM, Stars: Formation},
     year = 2002,
    month = apr,
   volume = 569,
    pages = {157-183},
      doi = {10.1086/339287},
   adsurl = {http://adsabs.harvard.edu/abs/2002ApJ...569..157W},
  adsnote = {Provided by the SAO/NASA Astrophysics Data System}
}

@ARTICLE{Zamora-Aviles_12,
   author = {{Zamora-Avil{\'e}s}, M. and {V{\'a}zquez-Semadeni}, E. and {Col{\'{\i}}n}, P.
	},
    title = "{An Evolutionary Model for Collapsing Molecular Clouds and Their Star Formation Activity}",
  journal = {\apj},
archivePrefix = "arXiv",
   eprint = {1105.4777},
 primaryClass = "astro-ph.GA",
 keywords = {evolution, ISM: clouds, stars: formation},
     year = 2012,
    month = may,
   volume = 751,
      eid = {77},
    pages = {77},
      doi = {10.1088/0004-637X/751/1/77},
   adsurl = {http://adsabs.harvard.edu/abs/2012ApJ...751...77Z},
  adsnote = {Provided by the SAO/NASA Astrophysics Data System}
}
