@ARTICLE{Abel_2002,
   author = {{Abel}, T. and {Bryan}, G.~L. and {Norman}, M.~L.},
    title = "{The Formation of the First Star in the Universe}",
  journal = {Science},
   eprint = {arXiv:astro-ph/0112088},
     year = 2002,
    month = jan,
   volume = 295,
    pages = {93-98},
      doi = {10.1126/science.295.5552.93},
   adsurl = {http://adsabs.harvard.edu/abs/2002Sci...295...93A},
  adsnote = {Provided by the SAO/NASA Astrophysics Data System}
}

@ARTICLE{Abel_1997,
   author = {{Abel}, T. and {Anninos}, P. and {Zhang}, Y. and {Norman}, M.~L.},
    title = "{Modeling primordial gas in numerical cosmology}",
  journal = {\na},
   eprint = {astro-ph/9608040},
     year = 1997,
    month = aug,
   volume = 2,
    pages = {181-207},
      doi = {10.1016/S1384-1076(97)00010-9},
   adsurl = {http://adsabs.harvard.edu/abs/1997NewA....2..181A},
  adsnote = {Provided by the SAO/NASA Astrophysics Data System}
}

@ARTICLE{Agarwal_2014,
   author = {{Agarwal}, B. and {Khochfar}, S.},
    title = "{Revised rate coefficients for H\$\_2\$ and H\$\^{}-\$ destruction by realistic stellar spectra}",
  journal = {ArXiv e-prints},
archivePrefix = "arXiv",
   eprint = {1407.4115},
 keywords = {Astrophysics - Astrophysics of Galaxies},
     year = 2014,
    month = jul,
   adsurl = {http://adsabs.harvard.edu/abs/2014arXiv1407.4115A},
  adsnote = {Provided by the SAO/NASA Astrophysics Data System}
}

@ARTICLE{Agarwal_2014b,
   author = {{Agarwal}, B. and {Dalla Vecchia}, C. and {Johnson}, J.~L. and 
	{Khochfar}, S. and {Paardekooper}, J.-P.},
    title = "{The First Billion Years project: birthplaces of direct collapse black holes}",
  journal = {\mnras},
archivePrefix = "arXiv",
   eprint = {1403.5267},
 primaryClass = "astro-ph.CO",
 keywords = {galaxies: high-redshift, quasars: supermassive black holes, dark ages, reionization, first stars, early Universe},
     year = 2014,
    month = sep,
   volume = 443,
    pages = {648-657},
      doi = {10.1093/mnras/stu1112},
   adsurl = {http://adsabs.harvard.edu/abs/2014MNRAS.443..648A},
  adsnote = {Provided by the SAO/NASA Astrophysics Data System}
}

@ARTICLE{Agarwal_2012,
   author = {{Agarwal}, B. and {Khochfar}, S. and {Johnson}, J.~L. and {Neistein}, E. and 
	{Dalla Vecchia}, C. and {Livio}, M.},
    title = "{Ubiquitous seeding of supermassive black holes by direct collapse}",
  journal = {\mnras},
archivePrefix = "arXiv",
   eprint = {1205.6464},
 primaryClass = "astro-ph.CO",
 keywords = {methods: numerical, cosmology: theory, early Universe},
     year = 2012,
    month = oct,
   volume = 425,
    pages = {2854-2871},
      doi = {10.1111/j.1365-2966.2012.21651.x},
   adsurl = {http://adsabs.harvard.edu/abs/2012MNRAS.425.2854A},
  adsnote = {Provided by the SAO/NASA Astrophysics Data System}
}

@ARTICLE{Alvarez_2009,
   author = {{Alvarez}, M.~A. and {Wise}, J.~H. and {Abel}, T.},
    title = "{Accretion onto the First Stellar-Mass Black Holes}",
  journal = {\apjl},
archivePrefix = "arXiv",
   eprint = {0811.0820},
 keywords = {black hole physics, cosmology: theory, galaxies: formation},
     year = 2009,
    month = aug,
   volume = 701,
    pages = {L133-L137},
      doi = {10.1088/0004-637X/701/2/L133},
   adsurl = {http://adsabs.harvard.edu/abs/2009ApJ...701L.133A},
  adsnote = {Provided by the SAO/NASA Astrophysics Data System}
}

@ARTICLE{Begelman_2010,
   author = {{Begelman}, M.~C.},
    title = "{Evolution of supermassive stars as a pathway to black hole formation}",
  journal = {\mnras},
archivePrefix = "arXiv",
   eprint = {0910.4398},
 primaryClass = "astro-ph.CO",
 keywords = {accretion, accretion discs, black hole physics, galaxies: nuclei, quasars: general},
     year = 2010,
    month = feb,
   volume = 402,
    pages = {673-681},
      doi = {10.1111/j.1365-2966.2009.15916.x},
   adsurl = {http://adsabs.harvard.edu/abs/2010MNRAS.402..673B},
  adsnote = {Provided by the SAO/NASA Astrophysics Data System}
}

@ARTICLE{Begelman_2009,
   author = {{Begelman}, M.~C. and {Shlosman}, I.},
    title = "{Angular Momentum Transfer and Lack of Fragmentation in Self-Gravitating Accretion Flows}",
  journal = {\apjl},
archivePrefix = "arXiv",
   eprint = {0904.4247},
 primaryClass = "astro-ph.CO",
 keywords = {dark matter, galaxies: evolution, galaxies: formation, galaxies: halos, galaxies: interactions, galaxies: kinematics and dynamics},
     year = 2009,
    month = sep,
   volume = 702,
    pages = {L5-L8},
      doi = {10.1088/0004-637X/702/1/L5},
   adsurl = {http://adsabs.harvard.edu/abs/2009ApJ...702L...5B},
  adsnote = {Provided by the SAO/NASA Astrophysics Data System}
}

@ARTICLE{Begelman_2008,
   author = {{Begelman}, M.~C. and {Rossi}, E.~M. and {Armitage}, P.~J.},
    title = "{Quasi-stars: accreting black holes inside massive envelopes}",
  journal = {\mnras},
archivePrefix = "arXiv",
   eprint = {0711.4078},
 keywords = {accretion, accretion discs , black hole physics , galaxies: nuclei , quasars: general},
     year = 2008,
    month = jul,
   volume = 387,
    pages = {1649-1659},
      doi = {10.1111/j.1365-2966.2008.13344.x},
   adsurl = {http://adsabs.harvard.edu/abs/2008MNRAS.387.1649B},
  adsnote = {Provided by the SAO/NASA Astrophysics Data System}
}

@ARTICLE{Begelman_2006,
   author = {{Begelman}, M.~C. and {Volonteri}, M. and {Rees}, M.~J.},
    title = "{Formation of supermassive black holes by direct collapse in pre-galactic haloes}",
  journal = {\mnras},
   eprint = {astro-ph/0602363},
 keywords = {accretion, accretion discs: black hole physics: hydrodynamics: instabilities: galaxies: formation: cosmology: theory, accretion discs, black hole physics, hydrodynamics, instabilities, galaxies: formation, cosmology: theory},
     year = 2006,
    month = jul,
   volume = 370,
    pages = {289-298},
      doi = {10.1111/j.1365-2966.2006.10467.x},
   adsurl = {http://adsabs.harvard.edu/abs/2006MNRAS.370..289B},
  adsnote = {Provided by the SAO/NASA Astrophysics Data System}
}

@ARTICLE{Bonnor_1956,
   author = {{Bonnor}, W.~B.},
    title = "{Boyle's Law and gravitational instability}",
  journal = {\mnras},
     year = 1956,
   volume = 116,
    pages = {351},
   adsurl = {http://adsabs.harvard.edu/abs/1956MNRAS.116..351B},
  adsnote = {Provided by the SAO/NASA Astrophysics Data System}
}

@ARTICLE{Bromm_2002,
   author = {{Bromm}, V. and {Coppi}, P.~S. and {Larson}, R.~B.},
    title = "{The Formation of the First Stars. I. The Primordial Star-forming Cloud}",
  journal = {\apj},
   eprint = {arXiv:astro-ph/0102503},
 keywords = {Cosmology: Theory, Cosmology: Early Universe, Galaxies: Formation, Hydrodynamics, Stars: Formation},
     year = 2002,
    month = jan,
   volume = 564,
    pages = {23-51},
      doi = {10.1086/323947},
   adsurl = {http://adsabs.harvard.edu/abs/2002ApJ...564...23B},
  adsnote = {Provided by the SAO/NASA Astrophysics Data System}
}

@ARTICLE{Bromm_2003,
   author = {{Bromm}, V. and {Loeb}, A.},
    title = "{Formation of the First Supermassive Black Holes}",
  journal = {\apj},
   eprint = {arXiv:astro-ph/0212400},
 keywords = {Black Hole Physics, Cosmology: Theory, Galaxies: Formation, Hydrodynamics, Galaxies: Quasars: General},
     year = 2003,
    month = oct,
   volume = 596,
    pages = {34-46},
      doi = {10.1086/377529},
   adsurl = {http://adsabs.harvard.edu/abs/2003ApJ...596...34B},
  adsnote = {Provided by the SAO/NASA Astrophysics Data System}
}

@ARTICLE{Bromm_Yoshida_2011,
   author = {{Bromm}, V. and {Yoshida}, N.},
    title = "{The First Galaxies}",
  journal = {\araa},
archivePrefix = "arXiv",
   eprint = {1102.4638},
 primaryClass = "astro-ph.CO",
     year = 2011,
    month = sep,
   volume = 49,
    pages = {373-407},
      doi = {10.1146/annurev-astro-081710-102608},
   adsurl = {http://adsabs.harvard.edu/abs/2011ARA%26A..49..373B},
  adsnote = {Provided by the SAO/NASA Astrophysics Data System}
}

@Book{Burgers_1974,
   author = { Burgers, J.~M. },
    title = { The nonlinear diffusion equation : asymptotic solutions and statistical problems },
publisher = { Dordrecht-Holland ; Boston : D. Reidel Pub. Co },
     year = { 1974 },
     type = { Book; Book/Illustrated },
     isbn = { 9027704945 },
 subjects = { Burgers equation; Asymptotic expansions; Turbulence -- Mathematical models },
 language = { English },
catalogue-url = { http://trove.nla.gov.au/work/21752285 }
}

@ARTICLE{Chen_2014,
   author = {{Chen}, K.-J. and {Heger}, A. and {Woosley}, S. and {Almgren}, A. and 
	{Whalen}, D.~J. and {Johnson}, J.~L.},
    title = "{The General Relativistic Instability Supernova of a Supermassive Population III Star}",
  journal = {\apj},
archivePrefix = "arXiv",
   eprint = {1402.4777},
 primaryClass = "astro-ph.HE",
 keywords = {cosmology: theory, early universe, galaxies: formation, galaxies: high-redshift, hydrodynamics, quasars: supermassive black holes, shock waves, stars: early-type, supernovae: general },
     year = 2014,
    month = aug,
   volume = 790,
      eid = {162},
    pages = {162},
      doi = {10.1088/0004-637X/790/2/162},
   adsurl = {http://adsabs.harvard.edu/abs/2014ApJ...790..162C},
  adsnote = {Provided by the SAO/NASA Astrophysics Data System}
}

@ARTICLE{Choi_2013,
   author = {{Choi}, J.-H. and {Shlosman}, I. and {Begelman}, M.~C.},
    title = "{Supermassive Black Hole Formation at High Redshifts via Direct Collapse: Physical Processes in the Early Stage}",
  journal = {\apj},
archivePrefix = "arXiv",
   eprint = {1304.1369},
 primaryClass = "astro-ph.CO",
 keywords = {cosmology: theory, dark ages, reionization, first stars, galaxies: formation, galaxies: high-redshift, methods: numerical},
     year = 2013,
    month = sep,
   volume = 774,
      eid = {149},
    pages = {149},
      doi = {10.1088/0004-637X/774/2/149},
   adsurl = {http://adsabs.harvard.edu/abs/2013ApJ...774..149C},
  adsnote = {Provided by the SAO/NASA Astrophysics Data System}
}

@ARTICLE{Clark_2008,
   author = {{Clark}, P.~C. and {Glover}, S.~C.~O. and {Klessen}, R.~S.},
    title = "{The First Stellar Cluster}",
  journal = {\apj},
 keywords = {Cosmology: Early Universe, Equation of State, Hydrodynamics, Methods: Numerical, Stars: Formation, Stars: Luminosity Function, Mass Function},
     year = 2008,
    month = jan,
   volume = 672,
    pages = {757-764},
      doi = {10.1086/524187},
   adsurl = {http://adsabs.harvard.edu/abs/2008ApJ...672..757C},
  adsnote = {Provided by the SAO/NASA Astrophysics Data System}
}

@ARTICLE{Clark_2011,
   author = {{Clark}, P.~C. and {Glover}, S.~C.~O. and {Smith}, R.~J. and 
	{Greif}, T.~H. and {Klessen}, R.~S. and {Bromm}, V.},
    title = "{The Formation and Fragmentation of Disks Around Primordial Protostars}",
  journal = {Science},
archivePrefix = "arXiv",
   eprint = {1101.5284},
 primaryClass = "astro-ph.CO",
     year = 2011,
    month = feb,
   volume = 331,
    pages = {1040-},
      doi = {10.1126/science.1198027},
   adsurl = {http://adsabs.harvard.edu/abs/2011Sci...331.1040C},
  adsnote = {Provided by the SAO/NASA Astrophysics Data System}
}

@ARTICLE{Dijkstra_2014,
   author = {{Dijkstra}, M. and {Ferrara}, A. and {Mesinger}, A.},
    title = "{Feedback-regulated supermassive black hole seed formation}",
  journal = {\mnras},
archivePrefix = "arXiv",
   eprint = {1405.6743},
 keywords = {accretion, accretion discs, black hole physics, radiative transfer, galaxies: high-redshift, cosmology: dark ages, reionization, first stars},
     year = 2014,
    month = aug,
   volume = 442,
    pages = {2036-2047},
      doi = {10.1093/mnras/stu1007},
   adsurl = {http://adsabs.harvard.edu/abs/2014MNRAS.442.2036D},
  adsnote = {Provided by the SAO/NASA Astrophysics Data System}
}

@ARTICLE{Dijkstra_2008,
   author = {{Dijkstra}, M. and {Haiman}, Z. and {Mesinger}, A. and {Wyithe}, J.~S.~B.
	},
    title = "{Fluctuations in the high-redshift Lyman-Werner background: close halo pairs as the origin of supermassive black holes}",
  journal = {\mnras},
archivePrefix = "arXiv",
   eprint = {0810.0014},
 keywords = {galaxies: high-redshift , quasars: general , cosmology: theory},
     year = 2008,
    month = dec,
   volume = 391,
    pages = {1961-1972},
      doi = {10.1111/j.1365-2966.2008.14031.x},
   adsurl = {http://adsabs.harvard.edu/abs/2008MNRAS.391.1961D},
  adsnote = {Provided by the SAO/NASA Astrophysics Data System}
}

@ARTICLE{Ebert_1955,
   author = {{Ebert}, R.},
    title = "{{\"U}ber die Verdichtung von H I-Gebieten. Mit 5 Textabbildungen}",
  journal = {\zap},
     year = 1955,
   volume = 37,
    pages = {217},
   adsurl = {http://adsabs.harvard.edu/abs/1955ZA.....37..217E},
  adsnote = {Provided by the SAO/NASA Astrophysics Data System}
}

@ARTICLE{Elmegreen_2004,
   author = {{Elmegreen}, B.~G. and {Scalo}, J.},
    title = "{Interstellar Turbulence I: Observations and Processes}",
  journal = {\araa},
   eprint = {arXiv:astro-ph/0404451},
     year = 2004,
    month = sep,
   volume = 42,
    pages = {211-273},
      doi = {10.1146/annurev.astro.41.011802.094859},
   adsurl = {http://adsabs.harvard.edu/abs/2004ARA%26A..42..211E},
  adsnote = {Provided by the SAO/NASA Astrophysics Data System}
}

@ARTICLE{Fan_ARAA_2006,
   author = {{Fan}, X. and {Carilli}, C.~L. and {Keating}, B.},
    title = "{Observational Constraints on Cosmic Reionization}",
  journal = {\araa},
   eprint = {arXiv:astro-ph/0602375},
     year = 2006,
    month = sep,
   volume = 44,
    pages = {415-462},
      doi = {10.1146/annurev.astro.44.051905.092514},
   adsurl = {http://adsabs.harvard.edu/abs/2006ARA%26A..44..415F},
  adsnote = {Provided by the SAO/NASA Astrophysics Data System}
}

@ARTICLE{Fan_2006,
   author = {{Fan}, X. and {Strauss}, M.~A. and {Becker}, R.~H. and {White}, R.~L. and 
	{Gunn}, J.~E. and {Knapp}, G.~R. and {Richards}, G.~T. and {Schneider}, D.~P. and 
	{Brinkmann}, J. and {Fukugita}, M.},
    title = "{Constraining the Evolution of the Ionizing Background and the Epoch of Reionization with z\~{}6 Quasars. II. A Sample of 19 Quasars}",
  journal = {\aj},
   eprint = {arXiv:astro-ph/0512082},
 keywords = {Cosmology: Observations, Galaxies: Intergalactic Medium, Galaxies: Quasars: Absorption Lines, Galaxies: Quasars: General},
     year = 2006,
    month = jul,
   volume = 132,
    pages = {117-136},
      doi = {10.1086/504836},
   adsurl = {http://adsabs.harvard.edu/abs/2006AJ....132..117F},
  adsnote = {Provided by the SAO/NASA Astrophysics Data System}
}

@ARTICLE{Fan_2003,
   author = {{Fan}, X. and {Strauss}, M.~A. and {Schneider}, D.~P. and {Becker}, R.~H. and 
	{White}, R.~L. and {Haiman}, Z. and {Gregg}, M. and {Pentericci}, L. and 
	{Grebel}, E.~K. and {Narayanan}, V.~K. and {Loh}, Y.-S. and 
	{Richards}, G.~T. and {Gunn}, J.~E. and {Lupton}, R.~H. and 
	{Knapp}, G.~R. and {Ivezi{\'c}}, {\v Z}. and {Brandt}, W.~N. and 
	{Collinge}, M. and {Hao}, L. and {Harbeck}, D. and {Prada}, F. and 
	{Schaye}, J. and {Strateva}, I. and {Zakamska}, N. and {Anderson}, S. and 
	{Brinkmann}, J. and {Bahcall}, N.~A. and {Lamb}, D.~Q. and {Okamura}, S. and 
	{Szalay}, A. and {York}, D.~G.},
    title = "{A Survey of z{\gt}5.7 Quasars in the Sloan Digital Sky Survey. II. Discovery of Three Additional Quasars at z{\gt}6}",
  journal = {\aj},
   eprint = {arXiv:astro-ph/0301135},
 keywords = {Cosmology: Gravitational Lensing, Galaxies: Quasars: Absorption Lines, Galaxies: Quasars: Emission Lines, Galaxies: Quasars: General},
     year = 2003,
    month = apr,
   volume = 125,
    pages = {1649-1659},
      doi = {10.1086/368246},
   adsurl = {http://adsabs.harvard.edu/abs/2003AJ....125.1649F},
  adsnote = {Provided by the SAO/NASA Astrophysics Data System}
}

@ARTICLE{Federrath_2011,
   author = {{Federrath}, C. and {Sur}, S. and {Schleicher}, D.~R.~G. and 
	{Banerjee}, R. and {Klessen}, R.~S.},
    title = "{A New Jeans Resolution Criterion for (M)HD Simulations of Self-gravitating Gas: Application to Magnetic Field Amplification by Gravity-driven Turbulence}",
  journal = {\apj},
archivePrefix = "arXiv",
   eprint = {1102.0266},
 primaryClass = "astro-ph.SR",
 keywords = {dynamo, hydrodynamics, ISM: clouds, ISM: kinematics and dynamics, ISM: structure, magnetohydrodynamics: MHD, methods: numerical, turbulence},
     year = 2011,
    month = apr,
   volume = 731,
      eid = {62},
    pages = {62},
      doi = {10.1088/0004-637X/731/1/62},
   adsurl = {http://adsabs.harvard.edu/abs/2011ApJ...731...62F},
  adsnote = {Provided by the SAO/NASA Astrophysics Data System}
}

@ARTICLE{Ferrarese_00,
   author = {{Ferrarese}, L. and {Merritt}, D.},
    title = "{A Fundamental Relation between Supermassive Black Holes and Their Host Galaxies}",
  journal = {\apjl},
   eprint = {arXiv:astro-ph/0006053},
 keywords = {Black Hole Physics, Galaxies: Evolution, Galaxies: Kinematics and Dynamics},
     year = 2000,
    month = aug,
   volume = 539,
    pages = {L9-L12},
      doi = {10.1086/312838},
   adsurl = {http://adsabs.harvard.edu/abs/2000ApJ...539L...9F},
  adsnote = {Provided by the SAO/NASA Astrophysics Data System}
}

@ARTICLE{Gammie_2001,
   author = {{Gammie}, C.~F.},
    title = "{Nonlinear Outcome of Gravitational Instability in Cooling, Gaseous Disks}",
  journal = {\apj},
   eprint = {arXiv:astro-ph/0101501},
 keywords = {Accretion, Accretion Disks, Galaxies: Nuclei, Solar System: Formation},
     year = 2001,
    month = may,
   volume = 553,
    pages = {174-183},
      doi = {10.1086/320631},
   adsurl = {http://adsabs.harvard.edu/abs/2001ApJ...553..174G},
  adsnote = {Provided by the SAO/NASA Astrophysics Data System}
}

@ARTICLE{Gebhardt_00,
   author = {{Gebhardt}, K. and {Bender}, R. and {Bower}, G. and {Dressler}, A. and
        {Faber}, S.~M. and {Filippenko}, A.~V. and {Green}, R. and {Grillmair}, C. and
        {Ho}, L.~C. and {Kormendy}, J. and {Lauer}, T.~R. and {Magorrian}, J. and
        {Pinkney}, J. and {Richstone}, D. and {Tremaine}, S.},
    title = "{A Relationship between Nuclear Black Hole Mass and Galaxy Velocity Dispersion}",
  journal = {\apjl},
   eprint = {arXiv:astro-ph/0006289},
 keywords = {Galaxies: General, Galaxies: Nuclei, Galaxies: Statistics},
     year = 2000,
    month = aug,
   volume = 539,
    pages = {L13-L16},
      doi = {10.1086/312840},
   adsurl = {http://adsabs.harvard.edu/abs/2000ApJ...539L..13G},
  adsnote = {Provided by the SAO/NASA Astrophysics Data System}
}

@ARTICLE{Greene_2012,
   author = {{Greene}, J.~E.},
    title = "{Low-mass black holes as the remnants of primordial black hole formation}",
  journal = {Nature Communications},
archivePrefix = "arXiv",
   eprint = {1211.7082},
 primaryClass = "astro-ph.CO",
     year = 2012,
    month = dec,
   volume = 3,
      eid = {1304},
      doi = {10.1038/ncomms2314},
   adsurl = {http://adsabs.harvard.edu/abs/2012NatCo...3E1304G},
  adsnote = {Provided by the SAO/NASA Astrophysics Data System}
}

@ARTICLE{Greif_2014,
   author = {{Greif}, T.~H.},
    title = "{Multifrequency radiation hydrodynamics simulations of H$_{2}$ line emission in primordial, star-forming clouds}",
  journal = {\mnras},
archivePrefix = "arXiv",
   eprint = {1404.5311},
 keywords = {hydrodynamics, radiative transfer, stars: Population III, galaxies: high-redshift, cosmology: theory, early Universe},
     year = 2014,
    month = oct,
   volume = 444,
    pages = {1566-1583},
      doi = {10.1093/mnras/stu1532},
   adsurl = {http://adsabs.harvard.edu/abs/2014MNRAS.444.1566G},
  adsnote = {Provided by the SAO/NASA Astrophysics Data System}
}

@ARTICLE{Greif_2013,
   author = {{Greif}, T.~H. and {Springel}, V. and {Bromm}, V.},
    title = "{On the operation of the chemothermal instability in primordial star-forming clouds}",
  journal = {\mnras},
archivePrefix = "arXiv",
   eprint = {1305.0823},
 primaryClass = "astro-ph.CO",
 keywords = {hydrodynamics, stars: formation, galaxies: formation, galaxies: high-redshift, cosmology: theory, early Universe},
     year = 2013,
    month = oct,
   volume = 434,
    pages = {3408-3422},
      doi = {10.1093/mnras/stt1251},
   adsurl = {http://adsabs.harvard.edu/abs/2013MNRAS.434.3408G},
  adsnote = {Provided by the SAO/NASA Astrophysics Data System}
}

@ARTICLE{Greif_2012,
   author = {{Greif}, T.~H. and {Bromm}, V. and {Clark}, P.~C. and {Glover}, S.~C.~O. and 
	{Smith}, R.~J. and {Klessen}, R.~S. and {Yoshida}, N. and {Springel}, V.
	},
    title = "{Formation and evolution of primordial protostellar systems}",
  journal = {\mnras},
 keywords = {hydrodynamics, stars: formation, galaxies: high-redshift, cosmology: theory, early Universe},
     year = 2012,
    month = jul,
   volume = 424,
    pages = {399-415},
      doi = {10.1111/j.1365-2966.2012.21212.x},
   adsurl = {http://adsabs.harvard.edu/abs/2012MNRAS.424..399G},
  adsnote = {Provided by the SAO/NASA Astrophysics Data System}
}

@ARTICLE{Greif_2011,
   author = {{Greif}, T.~H. and {Springel}, V. and {White}, S.~D.~M. and 
	{Glover}, S.~C.~O. and {Clark}, P.~C. and {Smith}, R.~J. and 
	{Klessen}, R.~S. and {Bromm}, V.},
    title = "{Simulations on a Moving Mesh: The Clustered Formation of Population III Protostars}",
  journal = {\apj},
archivePrefix = "arXiv",
   eprint = {1101.5491},
 primaryClass = "astro-ph.CO",
 keywords = {cosmology: theory, early universe, hydrodynamics, methods: numerical, stars: formation},
     year = 2011,
    month = aug,
   volume = 737,
      eid = {75},
    pages = {75},
      doi = {10.1088/0004-637X/737/2/75},
   adsurl = {http://adsabs.harvard.edu/abs/2011ApJ...737...75G},
  adsnote = {Provided by the SAO/NASA Astrophysics Data System}
}

@ARTICLE{Greif_2010,
   author = {{Greif}, T.~H. and {Glover}, S.~C.~O. and {Bromm}, V. and {Klessen}, R.~S.
	},
    title = "{The First Galaxies: Chemical Enrichment, Mixing, and Star Formation}",
  journal = {\apj},
archivePrefix = "arXiv",
   eprint = {1003.0472},
 primaryClass = "astro-ph.CO",
 keywords = {cosmology: observations, galaxies: formation, galaxies: high-redshift, H II regions, hydrodynamics, intergalactic medium, supernovae: general},
     year = 2010,
    month = jun,
   volume = 716,
    pages = {510-520},
      doi = {10.1088/0004-637X/716/1/510},
   adsurl = {http://adsabs.harvard.edu/abs/2010ApJ...716..510G},
  adsnote = {Provided by the SAO/NASA Astrophysics Data System}
}

@ARTICLE{Greif_2008,
   author = {{Greif}, T.~H. and {Johnson}, J.~L. and {Klessen}, R.~S. and 
	{Bromm}, V.},
    title = "{The first galaxies: assembly, cooling and the onset of turbulence}",
  journal = {\mnras},
archivePrefix = "arXiv",
   eprint = {0803.2237},
 keywords = {stars: early-type , stars: formation , galaxies: formation , galaxies: high-redshift , cosmology: theory , early Universe},
     year = 2008,
    month = jul,
   volume = 387,
    pages = {1021-1036},
      doi = {10.1111/j.1365-2966.2008.13326.x},
   adsurl = {http://adsabs.harvard.edu/abs/2008MNRAS.387.1021G},
  adsnote = {Provided by the SAO/NASA Astrophysics Data System}
}

@ARTICLE{Haiman_2006,
   author = {{Haiman}, Z.},
    title = "{The formation of the first black holes and their host halos}",
  journal = {\nar},
     year = 2006,
    month = nov,
   volume = 50,
    pages = {672-676},
      doi = {10.1016/j.newar.2006.06.021},
   adsurl = {http://adsabs.harvard.edu/abs/2006NewAR..50..672H},
  adsnote = {Provided by the SAO/NASA Astrophysics Data System}
}

@INBOOK{Haiman_2009,
   author = {{Haiman}, Z.},
    title = "{Observing the First Stars and Black Holes}",
booktitle = {Astrophysics in the Next Decade},
     year = 2009,
   editor = {{Thronson}, H.~A. and {Stiavelli}, M. and {Tielens}, A.},
    pages = {385},
      doi = {10.1007/978-1-4020-9457-6_15},
   adsurl = {http://adsabs.harvard.edu/abs/2009and..book..385H},
  adsnote = {Provided by the SAO/NASA Astrophysics Data System}
}

@ARTICLE{Heger_2003,
   author = {{Heger}, A. and {Fryer}, C.~L. and {Woosley}, S.~E. and {Langer}, N. and 
	{Hartmann}, D.~H.},
    title = "{How Massive Single Stars End Their Life}",
  journal = {\apj},
   eprint = {astro-ph/0212469},
 keywords = {Black Hole Physics, Gamma Rays: Bursts, Stars: Early-Type, Stars: Neutron, Stars: Supernovae: General},
     year = 2003,
    month = jul,
   volume = 591,
    pages = {288-300},
      doi = {10.1086/375341},
   adsurl = {http://adsabs.harvard.edu/abs/2003ApJ...591..288H},
  adsnote = {Provided by the SAO/NASA Astrophysics Data System}
}

@article{Hindmarsh_2005,
 author = {Hindmarsh, Alan C. and Brown, Peter N. and Grant, Keith E. and Lee, Steven L. and Serban, Radu and Shumaker, Dan E. and Woodward, Carol S.},
 title = {SUNDIALS: Suite of Nonlinear and Differential/Algebraic Equation Solvers},
 journal = {ACM Trans. Math. Softw.},
 issue_date = {September 2005},
 volume = {31},
 number = {3},
 month = sep,
 year = {2005},
 issn = {0098-3500},
 pages = {363--396},
 numpages = {34},
 url = {http://doi.acm.org/10.1145/1089014.1089020},
 doi = {10.1145/1089014.1089020},
 acmid = {1089020},
 publisher = {ACM},
 address = {New York, NY, USA},
 keywords = {DAEs, ODEs, nonlinear systems, sensitivity analysis},
} 

@ARTICLE{Hosokawa_2013,
   author = {{Hosokawa}, T. and {Yorke}, H.~W. and {Inayoshi}, K. and {Omukai}, K. and 
	{Yoshida}, N.},
    title = "{Formation of Primordial Supermassive Stars by Rapid Mass Accretion}",
  journal = {\apj},
archivePrefix = "arXiv",
   eprint = {1308.4457},
 primaryClass = "astro-ph.SR",
 keywords = {accretion, accretion disks, cosmology: theory, early universe, galaxies: formation, stars: formation},
     year = 2013,
    month = dec,
   volume = 778,
      eid = {178},
    pages = {178},
      doi = {10.1088/0004-637X/778/2/178},
   adsurl = {http://adsabs.harvard.edu/abs/2013ApJ...778..178H},
  adsnote = {Provided by the SAO/NASA Astrophysics Data System}
}

@ARTICLE{Hosokawa_2012,
   author = {{Hosokawa}, T. and {Omukai}, K. and {Yorke}, H.~W.},
    title = "{Rapidly Accreting Supergiant Protostars: Embryos of Supermassive Black Holes?}",
  journal = {\apj},
archivePrefix = "arXiv",
   eprint = {1203.2613},
 primaryClass = "astro-ph.CO",
 keywords = {accretion, accretion disks, cosmology: theory, early universe, galaxies: formation, stars: formation},
     year = 2012,
    month = sep,
   volume = 756,
      eid = {93},
    pages = {93},
      doi = {10.1088/0004-637X/756/1/93},
   adsurl = {http://adsabs.harvard.edu/abs/2012ApJ...756...93H},
  adsnote = {Provided by the SAO/NASA Astrophysics Data System}
}

@ARTICLE{Inayoshi_2014,
   author = {{Inayoshi}, K. and {Omukai}, K. and {Tasker}, E.~J.},
    title = "{Formation of an embryonic supermassive star in the first galaxy}",
  journal = {ArXiv e-prints},
archivePrefix = "arXiv",
   eprint = {1404.4630},
 keywords = {Astrophysics - Astrophysics of Galaxies, Astrophysics - Cosmology and Nongalactic Astrophysics},
     year = 2014,
    month = apr,
   adsurl = {http://adsabs.harvard.edu/abs/2014arXiv1404.4630I},
  adsnote = {Provided by the SAO/NASA Astrophysics Data System}
}

@ARTICLE{Inayoshi_2014b,
   author = {{Inayoshi}, K. and {Haiman}, Z.},
    title = "{Does disk fragmentation prevent the formation of supermassive stars in protogalaxies?}",
  journal = {ArXiv e-prints},
archivePrefix = "arXiv",
   eprint = {1406.5058},
 keywords = {Astrophysics - Astrophysics of Galaxies, Astrophysics - Cosmology and Nongalactic Astrophysics},
     year = 2014,
    month = jun,
   adsurl = {http://adsabs.harvard.edu/abs/2014arXiv1406.5058I},
  adsnote = {Provided by the SAO/NASA Astrophysics Data System}
}

@ARTICLE{Inayoshi_2013,
   author = {{Inayoshi}, K. and {Hosokawa}, T. and {Omukai}, K.},
    title = "{Pulsational instability of supergiant protostars: do they grow supermassive by accretion?}",
  journal = {\mnras},
archivePrefix = "arXiv",
   eprint = {1302.6065},
 primaryClass = "astro-ph.SR",
 keywords = {stars: mass-loss, stars: oscillations, stars: Population III, stars: protostars, galaxies: nuclei, early Universe},
     year = 2013,
    month = jun,
   volume = 431,
    pages = {3036-3044},
      doi = {10.1093/mnras/stt362},
   adsurl = {http://adsabs.harvard.edu/abs/2013MNRAS.431.3036I},
  adsnote = {Provided by the SAO/NASA Astrophysics Data System}
}

@ARTICLE{Inayoshi_2012,
   author = {{Inayoshi}, K. and {Omukai}, K.},
    title = "{Supermassive black hole formation by cold accretion shocks in the first galaxies}",
  journal = {\mnras},
archivePrefix = "arXiv",
   eprint = {1202.5380},
 primaryClass = "astro-ph.CO",
 keywords = {stars: formation, stars: Population III, galaxies: formation, galaxies: nuclei, dark ages, reionization, first stars, early Universe},
     year = 2012,
    month = may,
   volume = 422,
    pages = {2539-2546},
      doi = {10.1111/j.1365-2966.2012.20812.x},
   adsurl = {http://adsabs.harvard.edu/abs/2012MNRAS.422.2539I},
  adsnote = {Provided by the SAO/NASA Astrophysics Data System}
}

@ARTICLE{Johnson_2013,
   author = {{Johnson}, J.~L. and {Whalen}, D.~J. and {Li}, H. and {Holz}, D.~E.
	},
    title = "{Supermassive Seeds for Supermassive Black Holes}",
  journal = {\apj},
archivePrefix = "arXiv",
   eprint = {1211.0548},
 primaryClass = "astro-ph.CO",
 keywords = {accretion, accretion disks, black hole physics, cosmology: theory, early universe, quasars: general, radiation mechanisms: general },
     year = 2013,
    month = jul,
   volume = 771,
      eid = {116},
    pages = {116},
      doi = {10.1088/0004-637X/771/2/116},
   adsurl = {http://adsabs.harvard.edu/abs/2013ApJ...771..116J},
  adsnote = {Provided by the SAO/NASA Astrophysics Data System}
}

@ARTICLE{Johnson_2012,
   author = {{Johnson}, J.~L. and {Whalen}, D.~J. and {Fryer}, C.~L. and 
	{Li}, H.},
    title = "{The Growth of the Stellar Seeds of Supermassive Black Holes}",
  journal = {\apj},
archivePrefix = "arXiv",
   eprint = {1112.2726},
 primaryClass = "astro-ph.CO",
 keywords = {accretion, accretion disks, cosmology: theory, early universe, galaxies: formation, H II regions, stars: formation},
     year = 2012,
    month = may,
   volume = 750,
      eid = {66},
    pages = {66},
      doi = {10.1088/0004-637X/750/1/66},
   adsurl = {http://adsabs.harvard.edu/abs/2012ApJ...750...66J},
  adsnote = {Provided by the SAO/NASA Astrophysics Data System}
}

@ARTICLE{Johnson_2011,
   author = {{Johnson}, J.~L. and {Khochfar}, S. and {Greif}, T.~H. and {Durier}, F.
	},
    title = "{Accretion on to black holes formed by direct collapse}",
  journal = {\mnras},
archivePrefix = "arXiv",
   eprint = {1007.3849},
 primaryClass = "astro-ph.CO",
 keywords = {hydrodynamics, galaxies: formation, galaxies: high-redshift, quasars: general, cosmology: theory, early Universe},
     year = 2011,
    month = jan,
   volume = 410,
    pages = {919-933},
      doi = {10.1111/j.1365-2966.2010.17491.x},
   adsurl = {http://adsabs.harvard.edu/abs/2011MNRAS.410..919J},
  adsnote = {Provided by the SAO/NASA Astrophysics Data System}
}

@ARTICLE{Johnson_2007,
   author = {{Johnson}, J.~L. and {Bromm}, V.},
    title = "{The aftermath of the first stars: massive black holes}",
  journal = {\mnras},
   eprint = {arXiv:astro-ph/0605691},
 keywords = {molecular processes, stars: formation, HII regions, galaxies: formation, cosmology: theory, early Universe},
     year = 2007,
    month = feb,
   volume = 374,
    pages = {1557-1568},
      doi = {10.1111/j.1365-2966.2006.11275.x},
   adsurl = {http://adsabs.harvard.edu/abs/2007MNRAS.374.1557J},
  adsnote = {Provided by the SAO/NASA Astrophysics Data System}
}

@ARTICLE{Kolmogorov_41,
   author = {{Kolmogorov}, A.},
    title = "{The Local Structure of Turbulence in Incompressible Viscous Fluid for Very Large Reynolds' Numbers}",
  journal = {Akademiia Nauk SSSR Doklady},
     year = 1941,
   volume = 30,
    pages = {301-305},
   adsurl = {http://adsabs.harvard.edu/abs/1941DoSSR..30..301K},
  adsnote = {Provided by the SAO/NASA Astrophysics Data System}
}

@ARTICLE{Komatsu_2009,
   author = {{Komatsu}, E. and {Dunkley}, J. and {Nolta}, M.~R. and {Bennett}, C.~L. and 
	{Gold}, B. and {Hinshaw}, G. and {Jarosik}, N. and {Larson}, D. and 
	{Limon}, M. and {Page}, L. and {Spergel}, D.~N. and {Halpern}, M. and 
	{Hill}, R.~S. and {Kogut}, A. and {Meyer}, S.~S. and {Tucker}, G.~S. and 
	{Weiland}, J.~L. and {Wollack}, E. and {Wright}, E.~L.},
    title = "{Five-Year Wilkinson Microwave Anisotropy Probe Observations: Cosmological Interpretation}",
  journal = {\apjs},
archivePrefix = "arXiv",
   eprint = {0803.0547},
 keywords = {cosmic microwave background, cosmology: observations, dark matter, early universe, instrumentation: detectors, space vehicles: instruments, telescopes},
     year = 2009,
    month = feb,
   volume = 180,
    pages = {330-376},
      doi = {10.1088/0067-0049/180/2/330},
   adsurl = {http://adsabs.harvard.edu/abs/2009ApJS..180..330K},
  adsnote = {Provided by the SAO/NASA Astrophysics Data System}
}

@ARTICLE{Koushiappas_2004,
   author = {{Koushiappas}, S.~M. and {Bullock}, J.~S. and {Dekel}, A.},
    title = "{Massive black hole seeds from low angular momentum material}",
  journal = {\mnras},
   eprint = {astro-ph/0311487},
 keywords = {galaxies: formation, galaxies: structure, cosmology: theory, dark matter},
     year = 2004,
    month = oct,
   volume = 354,
    pages = {292-304},
      doi = {10.1111/j.1365-2966.2004.08190.x},
   adsurl = {http://adsabs.harvard.edu/abs/2004MNRAS.354..292K},
  adsnote = {Provided by the SAO/NASA Astrophysics Data System}
}

@ARTICLE{Larson_69,
   author = {{Larson}, R.~B.},
    title = "{Numerical calculations of the dynamics of collapsing proto-star}",
  journal = {\mnras},
     year = 1969,
   volume = 145,
    pages = {271},
   adsurl = {http://adsabs.harvard.edu/abs/1969MNRAS.145..271L},
  adsnote = {Provided by the SAO/NASA Astrophysics Data System}
}

@ARTICLE{Larson_2003,
   author = {{Larson}, R.~B.},
    title = "{The physics of star formation}",
  journal = {Reports on Progress in Physics},
   eprint = {arXiv:astro-ph/0306595},
     year = 2003,
    month = oct,
   volume = 66,
    pages = {1651-1697},
      doi = {10.1088/0034-4885/66/10/R03},
   adsurl = {http://adsabs.harvard.edu/abs/2003RPPh...66.1651L},
  adsnote = {Provided by the SAO/NASA Astrophysics Data System}
}

@ARTICLE{Latif_2013a,
   author = {{Latif}, M.~A. and {Schleicher}, D.~R.~G. and {Schmidt}, W. and 
	{Niemeyer}, J.},
    title = "{Black hole formation in the early Universe}",
  journal = {\mnras},
archivePrefix = "arXiv",
   eprint = {1304.0962},
 primaryClass = "astro-ph.CO",
 keywords = {methods: numerical, galaxies: formation, cosmology: theory, early Universe},
     year = 2013,
    month = aug,
   volume = 433,
    pages = {1607-1618},
      doi = {10.1093/mnras/stt834},
   adsurl = {http://adsabs.harvard.edu/abs/2013MNRAS.433.1607L},
  adsnote = {Provided by the SAO/NASA Astrophysics Data System}
}

@ARTICLE{Latif_2013b,
   author = {{Latif}, M.~A. and {Schleicher}, D.~R.~G. and {Schmidt}, W. and 
	{Niemeyer}, J.},
    title = "{High-resolution studies of massive primordial haloes}",
  journal = {\mnras},
archivePrefix = "arXiv",
   eprint = {1210.1802},
 primaryClass = "astro-ph.CO",
 keywords = {methods: numerical, galaxies: formation, cosmology: theory, early Universe},
     year = 2013,
    month = mar,
   volume = 430,
    pages = {588-598},
      doi = {10.1093/mnras/sts659},
   adsurl = {http://adsabs.harvard.edu/abs/2013MNRAS.430..588L},
  adsnote = {Provided by the SAO/NASA Astrophysics Data System}
}

@ARTICLE{Latif_2013c,
   author = {{Latif}, M.~A. and {Schleicher}, D.~R.~G. and {Schmidt}, W. and 
	{Niemeyer}, J.},
    title = "{The small-scale dynamo and the amplification of magnetic fields in massive primordial haloes}",
  journal = {\mnras},
archivePrefix = "arXiv",
   eprint = {1212.1619},
 primaryClass = "astro-ph.CO",
 keywords = {methods: numerical, galaxies: formation, cosmology: theory, early Universe},
     year = 2013,
    month = jun,
   volume = 432,
    pages = {668-678},
      doi = {10.1093/mnras/stt503},
   adsurl = {http://adsabs.harvard.edu/abs/2013MNRAS.432..668L},
  adsnote = {Provided by the SAO/NASA Astrophysics Data System}
}

@ARTICLE{Latif_2014a,
   author = {{Latif}, M.~A. and {Schleicher}, D.~R.~G. and {Bovino}, S. and 
	{Grassi}, T. and {Spaans}, M.},
    title = "{The Formation of Massive Primordial Stars in the Presence of Moderate UV Backgrounds}",
  journal = {\apj},
archivePrefix = "arXiv",
   eprint = {1406.1465},
 keywords = {cosmology: theory, early universe, galaxies: formation, methods: numerical },
     year = 2014,
    month = sep,
   volume = 792,
      eid = {78},
    pages = {78},
      doi = {10.1088/0004-637X/792/1/78},
   adsurl = {http://adsabs.harvard.edu/abs/2014ApJ...792...78L},
  adsnote = {Provided by the SAO/NASA Astrophysics Data System}
}

@ARTICLE{Latif_2014b,
   author = {{Latif}, M.~A. and {Schleicher}, D.~R.~G. and {Schmidt}, W.},
    title = "{Magnetic fields during the formation of supermassive black holes}",
  journal = {\mnras},
archivePrefix = "arXiv",
   eprint = {1310.3680},
 primaryClass = "astro-ph.CO",
 keywords = {methods: numerical, galaxies: formation, cosmology: theory, early Universe},
     year = 2014,
    month = may,
   volume = 440,
    pages = {1551-1561},
      doi = {10.1093/mnras/stu357},
   adsurl = {http://adsabs.harvard.edu/abs/2014MNRAS.440.1551L},
  adsnote = {Provided by the SAO/NASA Astrophysics Data System}
}

@ARTICLE{Latif_2014c,
   author = {{Latif}, M.~A. and {Bovino}, S. and {Grassi}, T. and {Schleicher}, D.~R.~G. and 
	{Spaans}, M.},
    title = "{How realistic UV spectra and X-rays suppress the abundance of direct collapse black holes}",
  journal = {ArXiv e-prints},
archivePrefix = "arXiv",
   eprint = {1408.3061},
 keywords = {Astrophysics - Astrophysics of Galaxies, Astrophysics - Cosmology and Nongalactic Astrophysics},
     year = 2014,
    month = aug,
   adsurl = {http://adsabs.harvard.edu/abs/2014arXiv1408.3061L},
  adsnote = {Provided by the SAO/NASA Astrophysics Data System}
}

@ARTICLE{Li_2007,
   author = {{Li}, Y. and {Hernquist}, L. and {Robertson}, B. and {Cox}, T.~J. and 
	{Hopkins}, P.~F. and {Springel}, V. and {Gao}, L. and {Di Matteo}, T. and 
	{Zentner}, A.~R. and {Jenkins}, A. and {Yoshida}, N.},
    title = "{Formation of z\~{}6 Quasars from Hierarchical Galaxy Mergers}",
  journal = {\apj},
   eprint = {arXiv:astro-ph/0608190},
 keywords = {Black Hole Physics, Cosmology: Theory, Cosmology: Early Universe, Galaxies: Active, Galaxies: Evolution, Galaxies: Formation, Galaxies: High-Redshift, Galaxies: ISM, Galaxies: Starburst, Methods: Numerical, Galaxies: Quasars: General, quasars: individual (SDSS J1148+5251)},
     year = 2007,
    month = aug,
   volume = 665,
    pages = {187-208},
      doi = {10.1086/519297},
   adsurl = {http://adsabs.harvard.edu/abs/2007ApJ...665..187L},
  adsnote = {Provided by the SAO/NASA Astrophysics Data System}
}

@ARTICLE{Li_2003,
   author = {{Li}, Y. and {Klessen}, R.~S. and {Mac Low}, M.-M.},
    title = "{The Formation of Stellar Clusters in Turbulent Molecular Clouds: Effects of the Equation of State}",
  journal = {\apj},
   eprint = {arXiv:astro-ph/0302606},
 keywords = {Equation of State, Hydrodynamics, ISM: Clouds, Stars: Formation, Turbulence},
     year = 2003,
    month = aug,
   volume = 592,
    pages = {975-985},
      doi = {10.1086/375780},
   adsurl = {http://adsabs.harvard.edu/abs/2003ApJ...592..975L},
  adsnote = {Provided by the SAO/NASA Astrophysics Data System}
}

@ARTICLE{Lodato_2006,
   author = {{Lodato}, G. and {Natarajan}, P.},
    title = "{Supermassive black hole formation during the assembly of pre-galactic discs}",
  journal = {\mnras},
   eprint = {astro-ph/0606159},
 keywords = {accretion, accretion discs: black hole physics: hydrodynamics: instabilities: galaxies: formation: cosmology: theory, accretion discs, black hole physics, hydrodynamics, instabilities, galaxies: formation, cosmology: theory},
     year = 2006,
    month = oct,
   volume = 371,
    pages = {1813-1823},
      doi = {10.1111/j.1365-2966.2006.10801.x},
   adsurl = {http://adsabs.harvard.edu/abs/2006MNRAS.371.1813L},
  adsnote = {Provided by the SAO/NASA Astrophysics Data System}
}

@ARTICLE{MacLow_2004,
   author = {{Mac Low}, M.-M. and {Klessen}, R.~S.},
    title = "{Control of star formation by supersonic turbulence}",
  journal = {Reviews of Modern Physics},
   eprint = {arXiv:astro-ph/0301093},
     year = 2004,
    month = jan,
   volume = 76,
    pages = {125-194},
      doi = {10.1103/RevModPhys.76.125},
   adsurl = {http://adsabs.harvard.edu/abs/2004RvMP...76..125M},
  adsnote = {Provided by the SAO/NASA Astrophysics Data System}
}

@ARTICLE{Madau_2001,
   author = {{Madau}, P. and {Rees}, M.~J.},
    title = "{Massive Black Holes as Population III Remnants}",
  journal = {\apjl},
   eprint = {arXiv:astro-ph/0101223},
 keywords = {Black Hole Physics, Cosmology: Theory, Cosmology: Early Universe, Galaxies: Formation},
     year = 2001,
    month = apr,
   volume = 551,
    pages = {L27-L30},
      doi = {10.1086/319848},
   adsurl = {http://adsabs.harvard.edu/abs/2001ApJ...551L..27M},
  adsnote = {Provided by the SAO/NASA Astrophysics Data System}
}

@ARTICLE{Montero_2012,
   author = {{Montero}, P.~J. and {Janka}, H.-T. and {M{\"u}ller}, E.},
    title = "{Relativistic Collapse and Explosion of Rotating Supermassive Stars with Thermonuclear Effects}",
  journal = {\apj},
archivePrefix = "arXiv",
   eprint = {1108.3090},
 primaryClass = "astro-ph.CO",
 keywords = {black hole physics, equation of state, gravitational waves, neutrinos, stars: evolution},
     year = 2012,
    month = apr,
   volume = 749,
      eid = {37},
    pages = {37},
      doi = {10.1088/0004-637X/749/1/37},
   adsurl = {http://adsabs.harvard.edu/abs/2012ApJ...749...37M},
  adsnote = {Provided by the SAO/NASA Astrophysics Data System}
}

@ARTICLE{Oh_2002,
   author = {{Oh}, S.~P. and {Haiman}, Z.},
    title = "{Second-Generation Objects in the Universe: Radiative Cooling and Collapse of Halos with Virial Temperatures above 10$^{4}$ K}",
  journal = {\apj},
   eprint = {astro-ph/0108071},
 keywords = {Cosmology: Theory, Cosmology: Early Universe, Galaxies: Formation, Molecular Processes},
     year = 2002,
    month = apr,
   volume = 569,
    pages = {558-572},
      doi = {10.1086/339393},
   adsurl = {http://adsabs.harvard.edu/abs/2002ApJ...569..558O},
  adsnote = {Provided by the SAO/NASA Astrophysics Data System}
}

@ARTICLE{Omukai_2001,
   author = {{Omukai}, K.},
    title = "{Primordial Star Formation under Far-Ultraviolet Radiation}",
  journal = {\apj},
   eprint = {astro-ph/0011446},
 keywords = {Cosmology: Theory, Cosmology: Early Universe, Galaxies: Formation, Molecular Processes, Stars: Formation},
     year = 2001,
    month = jan,
   volume = 546,
    pages = {635-651},
      doi = {10.1086/318296},
   adsurl = {http://adsabs.harvard.edu/abs/2001ApJ...546..635O},
  adsnote = {Provided by the SAO/NASA Astrophysics Data System}
}

@ARTICLE{Omukai_1998,
   author = {{Omukai}, K. and {Nishi}, R.},
    title = "{Formation of Primordial Protostars}",
  journal = {\apj},
   eprint = {astro-ph/9811308},
 keywords = {HYDRODYNAMICS, RADIATIVE TRANSFER, STARS: FORMATION, COSMOLOGY: THEORY, GALAXIES: FORMATION, Hydrodynamics, Radiative Transfer, Stars: Formation, Cosmology: Theory, Galaxies: Formation},
     year = 1998,
    month = nov,
   volume = 508,
    pages = {141-150},
      doi = {10.1086/306395},
   adsurl = {http://adsabs.harvard.edu/abs/1998ApJ...508..141O},
  adsnote = {Provided by the SAO/NASA Astrophysics Data System}
}

@ARTICLE{OShea_2007,
   author = {{O'Shea}, B.~W. and {Norman}, M.~L.},
    title = "{Population III Star Formation in a {$\Lambda$}CDM Universe. I. The Effect of Formation Redshift and Environment on Protostellar Accretion Rate}",
  journal = {\apj},
   eprint = {arXiv:astro-ph/0607013},
 keywords = {Cosmology: Theory, Galaxies: High-Redshift, Hydrodynamics, Stars: Formation},
     year = 2007,
    month = jan,
   volume = 654,
    pages = {66-92},
      doi = {10.1086/509250},
   adsurl = {http://adsabs.harvard.edu/abs/2007ApJ...654...66O},
  adsnote = {Provided by the SAO/NASA Astrophysics Data System}
}

@ARTICLE{Pakmor_2011,
   author = {{Pakmor}, R. and {Bauer}, A. and {Springel}, V.},
    title = "{Magnetohydrodynamics on an unstructured moving grid}",
  journal = {\mnras},
archivePrefix = "arXiv",
   eprint = {1108.1792},
 primaryClass = "astro-ph.IM",
 keywords = {MHD, turbulence, methods: numerical, stars: formation},
     year = 2011,
    month = dec,
   volume = 418,
    pages = {1392-1401},
      doi = {10.1111/j.1365-2966.2011.19591.x},
   adsurl = {http://adsabs.harvard.edu/abs/2011MNRAS.418.1392P},
  adsnote = {Provided by the SAO/NASA Astrophysics Data System}
}

@ARTICLE{Penston_69,
   author = {{Penston}, M.~V.},
    title = "{Dynamics of self-gravitating gaseous spheres-III. Analytical results in the free-fall of isothermal cases}",
  journal = {\mnras},
     year = 1969,
   volume = 144,
    pages = {425},
   adsurl = {http://adsabs.harvard.edu/abs/1969MNRAS.144..425P},
  adsnote = {Provided by the SAO/NASA Astrophysics Data System}
}

@ARTICLE{Peters_2014,
   author = {{Peters}, T. and {Schleicher}, D.~R.~G. and {Smith}, R.~J. and 
	{Schmidt}, W. and {Klessen}, R.~S.},
    title = "{Low-metallicity star formation: relative impact of metals and magnetic fields}",
  journal = {\mnras},
archivePrefix = "arXiv",
   eprint = {1406.0346},
 keywords = {accretion, accretion discs, MHD, methods: numerical, stars: formation, ISM: magnetic fields, dark ages, reionization, first stars},
     year = 2014,
    month = aug,
   volume = 442,
    pages = {3112-3126},
      doi = {10.1093/mnras/stu1097},
   adsurl = {http://adsabs.harvard.edu/abs/2014MNRAS.442.3112P},
  adsnote = {Provided by the SAO/NASA Astrophysics Data System}
}

@ARTICLE{Peters_2012,
   author = {{Peters}, T. and {Schleicher}, D.~R.~G. and {Klessen}, R.~S. and 
	{Banerjee}, R. and {Federrath}, C. and {Smith}, R.~J. and {Sur}, S.
	},
    title = "{The Impact of Thermodynamics on Gravitational Collapse: Filament Formation and Magnetic Field Amplification}",
  journal = {\apjl},
archivePrefix = "arXiv",
   eprint = {1209.5861},
 primaryClass = "astro-ph.GA",
 keywords = {ISM: general, ISM: kinematics and dynamics, ISM: magnetic fields, stars: formation},
     year = 2012,
    month = dec,
   volume = 760,
      eid = {L28},
    pages = {L28},
      doi = {10.1088/2041-8205/760/2/L28},
   adsurl = {http://adsabs.harvard.edu/abs/2012ApJ...760L..28P},
  adsnote = {Provided by the SAO/NASA Astrophysics Data System}
}

@ARTICLE{Prieto_2013,
   author = {{Prieto}, J. and {Jimenez}, R. and {Haiman}, Z.},
    title = "{Gas infall into atomic cooling haloes: on the formation of protogalactic discs and supermassive black holes at z {\gt} 10}",
  journal = {\mnras},
archivePrefix = "arXiv",
   eprint = {1301.5567},
 primaryClass = "astro-ph.CO",
 keywords = {turbulence, stars: formation, galaxies: formation, large-scale structure of the universe},
     year = 2013,
    month = dec,
   volume = 436,
    pages = {2301-2325},
      doi = {10.1093/mnras/stt1730},
   adsurl = {http://adsabs.harvard.edu/abs/2013MNRAS.436.2301P},
  adsnote = {Provided by the SAO/NASA Astrophysics Data System}
}

@ARTICLE{Regan_2009,
   author = {{Regan}, J.~A. and {Haehnelt}, M.~G.},
    title = "{Pathways to massive black holes and compact star clusters in pre-galactic dark matter haloes with virial temperatures {\gt}\~{}10000K}",
  journal = {\mnras},
archivePrefix = "arXiv",
   eprint = {0810.2802},
 keywords = {methods: numerical , cosmology: theory},
     year = 2009,
    month = jun,
   volume = 396,
    pages = {343-353},
      doi = {10.1111/j.1365-2966.2009.14579.x},
   adsurl = {http://adsabs.harvard.edu/abs/2009MNRAS.396..343R},
  adsnote = {Provided by the SAO/NASA Astrophysics Data System}
}

@ARTICLE{Regan_2014a,
   author = {{Regan}, J.~A. and {Johansson}, P.~H. and {Haehnelt}, M.~G.},
    title = "{Numerical resolution effects on simulations of massive black hole seeds}",
  journal = {\mnras},
archivePrefix = "arXiv",
   eprint = {1312.4962},
 primaryClass = "astro-ph.CO",
 keywords = {black hole physics, methods: numerical, cosmology: theory, large-scale structure of Universe},
     year = 2014,
    month = mar,
   volume = 439,
    pages = {1160-1175},
      doi = {10.1093/mnras/stu068},
   adsurl = {http://adsabs.harvard.edu/abs/2014MNRAS.439.1160R},
  adsnote = {Provided by the SAO/NASA Astrophysics Data System}
}

@ARTICLE{Regan_2014b,
   author = {{Regan}, J.~A. and {Johansson}, P.~H. and {Wise}, J.~H.},
    title = "{The Direct Collapse of a Massive Black Hole Seed Under the Influence of an Anisotropic Lyman-Werner Source}",
  journal = {ArXiv e-prints},
archivePrefix = "arXiv",
   eprint = {1407.4472},
 keywords = {Astrophysics - Astrophysics of Galaxies, Astrophysics - Cosmology and Nongalactic Astrophysics},
     year = 2014,
    month = jul,
   adsurl = {http://adsabs.harvard.edu/abs/2014arXiv1407.4472R},
  adsnote = {Provided by the SAO/NASA Astrophysics Data System}
}

@ARTICLE{Ripamonti_2004,
   author = {{Ripamonti}, E. and {Abel}, T.},
    title = "{Fragmentation and the formation of primordial protostars: the possible role of collision-induced emission}",
  journal = {\mnras},
   eprint = {astro-ph/0311355},
 keywords = {instabilities, molecular processes, stars: formation},
     year = 2004,
    month = mar,
   volume = 348,
    pages = {1019-1034},
      doi = {10.1111/j.1365-2966.2004.07422.x},
   adsurl = {http://adsabs.harvard.edu/abs/2004MNRAS.348.1019R},
  adsnote = {Provided by the SAO/NASA Astrophysics Data System}
}

@ARTICLE{Salpeter_1955,
   author = {{Salpeter}, E.~E.},
    title = "{The Luminosity Function and Stellar Evolution.}",
  journal = {\apj},
     year = 1955,
    month = jan,
   volume = 121,
    pages = {161},
      doi = {10.1086/145971},
   adsurl = {http://adsabs.harvard.edu/abs/1955ApJ...121..161S},
  adsnote = {Provided by the SAO/NASA Astrophysics Data System}
}

@ARTICLE{Scalo_2004,
   author = {{Scalo}, J. and {Elmegreen}, B.~G.},
    title = "{Interstellar Turbulence II: Implications and Effects}",
  journal = {\araa},
   eprint = {arXiv:astro-ph/0404452},
     year = 2004,
    month = sep,
   volume = 42,
    pages = {275-316},
      doi = {10.1146/annurev.astro.42.120403.143327},
   adsurl = {http://adsabs.harvard.edu/abs/2004ARA%26A..42..275S},
  adsnote = {Provided by the SAO/NASA Astrophysics Data System}
}

@ARTICLE{Schleicher_2013,
   author = {{Schleicher}, D.~R.~G. and {Palla}, F. and {Ferrara}, A. and 
	{Galli}, D. and {Latif}, M.},
    title = "{Massive black hole factories: Supermassive and quasi-star formation in primordial halos}",
  journal = {\aap},
archivePrefix = "arXiv",
   eprint = {1305.5923},
 primaryClass = "astro-ph.CO",
 keywords = {cosmology: theory, dark ages, reionization, first stars, stars: protostars, stars: formation},
     year = 2013,
    month = oct,
   volume = 558,
      eid = {A59},
    pages = {A59},
      doi = {10.1051/0004-6361/201321949},
   adsurl = {http://adsabs.harvard.edu/abs/2013A%26A...558A..59S},
  adsnote = {Provided by the SAO/NASA Astrophysics Data System}
}

@ARTICLE{Schleicher_2010,
   author = {{Schleicher}, D.~R.~G. and {Spaans}, M. and {Glover}, S.~C.~O.
	},
    title = "{Black Hole Formation in Primordial Galaxies: Chemical and Radiative Conditions}",
  journal = {\apjl},
archivePrefix = "arXiv",
   eprint = {1002.2850},
 primaryClass = "astro-ph.CO",
 keywords = {atomic processes, cosmology: theory, dark ages, reionization, first stars, molecular processes, stars: Population III},
     year = 2010,
    month = mar,
   volume = 712,
    pages = {L69-L72},
      doi = {10.1088/2041-8205/712/1/L69},
   adsurl = {http://adsabs.harvard.edu/abs/2010ApJ...712L..69S},
  adsnote = {Provided by the SAO/NASA Astrophysics Data System}
}

@ARTICLE{Schober_2012,
   author = {{Schober}, J. and {Schleicher}, D. and {Federrath}, C. and {Glover}, S. and 
	{Klessen}, R.~S. and {Banerjee}, R.},
    title = "{The Small-scale Dynamo and Non-ideal Magnetohydrodynamics in Primordial Star Formation}",
  journal = {\apj},
archivePrefix = "arXiv",
   eprint = {1204.0658},
 primaryClass = "astro-ph.CO",
 keywords = {early universe, ISM: abundances, ISM: magnetic fields, turbulence},
     year = 2012,
    month = aug,
   volume = 754,
      eid = {99},
    pages = {99},
      doi = {10.1088/0004-637X/754/2/99},
   adsurl = {http://adsabs.harvard.edu/abs/2012ApJ...754...99S},
  adsnote = {Provided by the SAO/NASA Astrophysics Data System}
}

@ARTICLE{Shang_2010,
   author = {{Shang}, C. and {Bryan}, G.~L. and {Haiman}, Z.},
    title = "{Supermassive black hole formation by direct collapse: keeping protogalactic gas H$_{2}$ free in dark matter haloes with virial temperatures T$_{vir}$ {\gt} rsim 10$^{4}$ K}",
  journal = {\mnras},
archivePrefix = "arXiv",
   eprint = {0906.4773},
 primaryClass = "astro-ph.CO",
 keywords = {black hole physics, methods: numerical, cosmology: theory},
     year = 2010,
    month = feb,
   volume = 402,
    pages = {1249-1262},
      doi = {10.1111/j.1365-2966.2009.15960.x},
   adsurl = {http://adsabs.harvard.edu/abs/2010MNRAS.402.1249S},
  adsnote = {Provided by the SAO/NASA Astrophysics Data System}
}

@ARTICLE{Smith_2011,
   author = {{Smith}, R.~J. and {Glover}, S.~C.~O. and {Clark}, P.~C. and 
	{Greif}, T. and {Klessen}, R.~S.},
    title = "{The effects of accretion luminosity upon fragmentation in the early universe}",
  journal = {\mnras},
archivePrefix = "arXiv",
   eprint = {1103.1231},
 primaryClass = "astro-ph.CO",
 keywords = {stars: formation, dark ages, reionization, first stars},
     year = 2011,
    month = jul,
   volume = 414,
    pages = {3633-3644},
      doi = {10.1111/j.1365-2966.2011.18659.x},
   adsurl = {http://adsabs.harvard.edu/abs/2011MNRAS.414.3633S},
  adsnote = {Provided by the SAO/NASA Astrophysics Data System}
}

@ARTICLE{Spaans_2006,
   author = {{Spaans}, M. and {Silk}, J.},
    title = "{Pregalactic Black Hole Formation with an Atomic Hydrogen Equation of State}",
  journal = {\apj},
   eprint = {astro-ph/0601714},
 keywords = {Atomic Processes, Black Hole Physics, Cosmology: Theory, ISM: Atoms, ISM: Clouds, Radiative Transfer},
     year = 2006,
    month = dec,
   volume = 652,
    pages = {902-906},
      doi = {10.1086/508444},
   adsurl = {http://adsabs.harvard.edu/abs/2006ApJ...652..902S},
  adsnote = {Provided by the SAO/NASA Astrophysics Data System}
}

@ARTICLE{Springel_2010,
   author = {{Springel}, V.},
    title = "{E pur si muove: Galilean-invariant cosmological hydrodynamical simulations on a moving mesh}",
  journal = {\mnras},
archivePrefix = "arXiv",
   eprint = {0901.4107},
 primaryClass = "astro-ph.CO",
 keywords = {methods: numerical, galaxies: interactions, cosmology: dark matter},
     year = 2010,
    month = jan,
   volume = 401,
    pages = {791-851},
      doi = {10.1111/j.1365-2966.2009.15715.x},
   adsurl = {http://adsabs.harvard.edu/abs/2010MNRAS.401..791S},
  adsnote = {Provided by the SAO/NASA Astrophysics Data System}
}

@ARTICLE{Stacy_2013,
   author = {{Stacy}, A. and {Greif}, T.~H. and {Klessen}, R.~S. and {Bromm}, V. and 
	{Loeb}, A.},
    title = "{Rotation and internal structure of Population III protostars}",
  journal = {\mnras},
archivePrefix = "arXiv",
   eprint = {1209.1439},
 primaryClass = "astro-ph.CO",
 keywords = {stars: formation, stars: Population III, galaxies: formation, cosmology: theory, dark ages, reionization, first stars, early Universe},
     year = 2013,
    month = may,
   volume = 431,
    pages = {1470-1486},
      doi = {10.1093/mnras/stt264},
   adsurl = {http://adsabs.harvard.edu/abs/2013MNRAS.431.1470S},
  adsnote = {Provided by the SAO/NASA Astrophysics Data System}
}

@ARTICLE{Sugimura_2014,
   author = {{Sugimura}, K. and {Omukai}, K. and {Inoue}, A.~K.},
    title = "{The critical radiation intensity for direct collapse black hole formation: dependence on the radiation spectral shape}",
  journal = {ArXiv e-prints},
archivePrefix = "arXiv",
   eprint = {1407.4039},
 keywords = {Astrophysics - Astrophysics of Galaxies, Astrophysics - Cosmology and Nongalactic Astrophysics},
     year = 2014,
    month = jul,
   adsurl = {http://adsabs.harvard.edu/abs/2014arXiv1407.4039S},
  adsnote = {Provided by the SAO/NASA Astrophysics Data System}
}

@ARTICLE{Sur_2010,
   author = {{Sur}, S. and {Schleicher}, D.~R.~G. and {Banerjee}, R. and 
	{Federrath}, C. and {Klessen}, R.~S.},
    title = "{The Generation of Strong Magnetic Fields During the Formation of the First Stars}",
  journal = {\apjl},
archivePrefix = "arXiv",
   eprint = {1008.3481},
 primaryClass = "astro-ph.CO",
 keywords = {cosmology: theory, early universe, magnetic fields, methods: numerical, stars: formation, turbulence},
     year = 2010,
    month = oct,
   volume = 721,
    pages = {L134-L138},
      doi = {10.1088/2041-8205/721/2/L134},
   adsurl = {http://adsabs.harvard.edu/abs/2010ApJ...721L.134S},
  adsnote = {Provided by the SAO/NASA Astrophysics Data System}
}

@ARTICLE{Toomre_64,
   author = {{Toomre}, A.},
    title = "{On the gravitational stability of a disk of stars}",
  journal = {\apj},
     year = 1964,
    month = may,
   volume = 139,
    pages = {1217-1238},
      doi = {10.1086/147861},
   adsurl = {http://adsabs.harvard.edu/abs/1964ApJ...139.1217T},
  adsnote = {Provided by the SAO/NASA Astrophysics Data System}
}

@ARTICLE{Truelove_1997,
   author = {{Truelove}, J.~K. and {Klein}, R.~I. and {McKee}, C.~F. and 
	{Holliman}, II, J.~H. and {Howell}, L.~H. and {Greenough}, J.~A.
	},
    title = "{The Jeans Condition: A New Constraint on Spatial Resolution in Simulations of Isothermal Self-gravitational Hydrodynamics}",
  journal = {\apjl},
 keywords = {GRAVITATION, HYDRODYNAMICS, ISM: CLOUDS, METHODS: NUMERICAL, STARS: FORMATION},
     year = 1997,
    month = nov,
   volume = 489,
    pages = {L179},
      doi = {10.1086/310975},
   adsurl = {http://adsabs.harvard.edu/abs/1997ApJ...489L.179T},
  adsnote = {Provided by the SAO/NASA Astrophysics Data System}
}

@ARTICLE{Turk_2012,
   author = {{Turk}, M.~J. and {Oishi}, J.~S. and {Abel}, T. and {Bryan}, G.~L.
	},
    title = "{Magnetic Fields in Population III Star Formation}",
  journal = {\apj},
archivePrefix = "arXiv",
   eprint = {1112.4479},
 primaryClass = "astro-ph.CO",
 keywords = {cosmology: theory, galaxies: formation, H II regions, stars: formation},
     year = 2012,
    month = feb,
   volume = 745,
      eid = {154},
    pages = {154},
      doi = {10.1088/0004-637X/745/2/154},
   adsurl = {http://adsabs.harvard.edu/abs/2012ApJ...745..154T},
  adsnote = {Provided by the SAO/NASA Astrophysics Data System}
}

@ARTICLE{Turk_2010,
   author = {{Turk}, M.~J. and {Norman}, M.~L. and {Abel}, T.},
    title = "{High-entropy Polar Regions Around the First Protostars}",
  journal = {\apjl},
archivePrefix = "arXiv",
   eprint = {1010.6076},
 primaryClass = "astro-ph.CO",
 keywords = {cosmology: theory, galaxies: formation, H II regions, stars: formation},
     year = 2010,
    month = dec,
   volume = 725,
    pages = {L140-L144},
      doi = {10.1088/2041-8205/725/2/L140},
   adsurl = {http://adsabs.harvard.edu/abs/2010ApJ...725L.140T},
  adsnote = {Provided by the SAO/NASA Astrophysics Data System}
}

@ARTICLE{Turk_2009,
   author = {{Turk}, M.~J. and {Abel}, T. and {O'Shea}, B.},
    title = "{The Formation of Population III Binaries from Cosmological Initial Conditions}",
  journal = {Science},
archivePrefix = "arXiv",
   eprint = {0907.2919},
 primaryClass = "astro-ph.CO",
     year = 2009,
    month = jul,
   volume = 325,
    pages = {601-},
      doi = {10.1126/science.1173540},
   adsurl = {http://adsabs.harvard.edu/abs/2009Sci...325..601T},
  adsnote = {Provided by the SAO/NASA Astrophysics Data System}
}

@ARTICLE{Van_Borm_2013,
   author = {{Van Borm}, C. and {Spaans}, M.},
    title = "{The influence of magnetic fields, turbulence, and UV radiation on the formation of supermassive black holes}",
  journal = {\aap},
archivePrefix = "arXiv",
   eprint = {1304.4057},
 primaryClass = "astro-ph.CO",
 keywords = {early Universe, black hole physics, magnetic fields, turbulence},
     year = 2013,
    month = may,
   volume = 553,
      eid = {L9},
    pages = {L9},
      doi = {10.1051/0004-6361/201321590},
   adsurl = {http://adsabs.harvard.edu/abs/2013A%26A...553L...9V},
  adsnote = {Provided by the SAO/NASA Astrophysics Data System}
}

@ARTICLE{Visbal_2014,
   author = {{Visbal}, E. and {Haiman}, Z. and {Bryan}, G.~L.},
    title = "{A no-go theorem for direct collapse black holes without a strong ultraviolet background}",
  journal = {\mnras},
archivePrefix = "arXiv",
   eprint = {1403.1293},
 keywords = {quasars: supermassive black holes, cosmology: theory},
     year = 2014,
    month = jul,
   volume = 442,
    pages = {L100-L104},
      doi = {10.1093/mnrasl/slu063},
   adsurl = {http://adsabs.harvard.edu/abs/2014MNRAS.442L.100V},
  adsnote = {Provided by the SAO/NASA Astrophysics Data System}
}

@ARTICLE{Volonteri_2012,
   author = {{Volonteri}, M.},
    title = "{The Formation and Evolution of Massive Black Holes}",
  journal = {Science},
archivePrefix = "arXiv",
   eprint = {1208.1106},
 primaryClass = "astro-ph.CO",
     year = 2012,
    month = aug,
   volume = 337,
    pages = {544-},
      doi = {10.1126/science.1220843},
   adsurl = {http://adsabs.harvard.edu/abs/2012Sci...337..544V},
  adsnote = {Provided by the SAO/NASA Astrophysics Data System}
}

@ARTICLE{Volonteri_Begelman_2010,
   author = {{Volonteri}, M. and {Begelman}, M.~C.},
    title = "{Quasi-stars and the cosmic evolution of massive black holes}",
  journal = {\mnras},
archivePrefix = "arXiv",
   eprint = {1003.5220},
 primaryClass = "astro-ph.HE",
 keywords = {black hole physics, galaxies: formation, galaxies: nuclei, quasars: general, cosmology: theory, infrared: stars},
     year = 2010,
    month = dec,
   volume = 409,
    pages = {1022-1032},
      doi = {10.1111/j.1365-2966.2010.17359.x},
   adsurl = {http://adsabs.harvard.edu/abs/2010MNRAS.409.1022V},
  adsnote = {Provided by the SAO/NASA Astrophysics Data System}
}

@ARTICLE{Volonteri_2005,
   author = {{Volonteri}, M. and {Rees}, M.~J.},
    title = "{Rapid Growth of High-Redshift Black Holes}",
  journal = {\apj},
   eprint = {astro-ph/0506040},
 keywords = {Black Hole Physics, Cosmology: Theory, Galaxies: Evolution, Galaxies: Quasars: General},
     year = 2005,
    month = nov,
   volume = 633,
    pages = {624-629},
      doi = {10.1086/466521},
   adsurl = {http://adsabs.harvard.edu/abs/2005ApJ...633..624V},
  adsnote = {Provided by the SAO/NASA Astrophysics Data System}
}

@ARTICLE{Volonteri_Bellovary_2012,
   author = {{Volonteri}, M. and {Bellovary}, J.},
    title = "{Black holes in the early Universe}",
  journal = {Reports on Progress in Physics},
archivePrefix = "arXiv",
   eprint = {1209.2243},
 primaryClass = "astro-ph.CO",
     year = 2012,
    month = dec,
   volume = 75,
   number = 12,
      eid = {124901},
    pages = {124901},
      doi = {10.1088/0034-4885/75/12/124901},
   adsurl = {http://adsabs.harvard.edu/abs/2012RPPh...75l4901V},
  adsnote = {Provided by the SAO/NASA Astrophysics Data System}
}

@ARTICLE{Wang_2010,
   author = {{Wang}, H.-H. and {Klessen}, R.~S. and {Dullemond}, C.~P. and 
	{van den Bosch}, F.~C. and {Fuchs}, B.},
    title = "{Equilibrium initialization and stability of three-dimensional gas discs}",
  journal = {\mnras},
archivePrefix = "arXiv",
   eprint = {1004.5593},
 primaryClass = "astro-ph.GA",
 keywords = {methods: numerical, galaxies: evolution, galaxies: structure},
     year = 2010,
    month = sep,
   volume = 407,
    pages = {705-720},
      doi = {10.1111/j.1365-2966.2010.16942.x},
   adsurl = {http://adsabs.harvard.edu/abs/2010MNRAS.407..705W},
  adsnote = {Provided by the SAO/NASA Astrophysics Data System}
}

@ARTICLE{Wise_2008,
   author = {{Wise}, J.~H. and {Turk}, M.~J. and {Abel}, T.},
    title = "{Resolving the Formation of Protogalaxies. II. Central Gravitational Collapse}",
  journal = {\apj},
archivePrefix = "arXiv",
   eprint = {0710.1678},
 keywords = {Black Hole Physics, Cosmology: Theory, Galaxies: Formation, Instabilities},
     year = 2008,
    month = aug,
   volume = 682,
    pages = {745-757},
      doi = {10.1086/588209},
   adsurl = {http://adsabs.harvard.edu/abs/2008ApJ...682..745W},
  adsnote = {Provided by the SAO/NASA Astrophysics Data System}
}

@ARTICLE{Wise_2007,
   author = {{Wise}, J.~H. and {Abel}, T.},
    title = "{Resolving the Formation of Protogalaxies. I. Virialization}",
  journal = {\apj},
archivePrefix = "arXiv",
   eprint = {0704.3629},
 keywords = {Galaxy: Formation, Stars: Formation},
     year = 2007,
    month = aug,
   volume = 665,
    pages = {899-910},
      doi = {10.1086/520036},
   adsurl = {http://adsabs.harvard.edu/abs/2007ApJ...665..899W},
  adsnote = {Provided by the SAO/NASA Astrophysics Data System}
}

@ARTICLE{Wolcott-Green_2012,
   author = {{Wolcott-Green}, J. and {Haiman}, Z.},
    title = "{Feedback from the infrared background in the early Universe}",
  journal = {\mnras},
archivePrefix = "arXiv",
   eprint = {1206.1861},
 primaryClass = "astro-ph.CO",
 keywords = {molecular processes, stars: Population III, galaxies: formation, cosmology: theory, early Universe},
     year = 2012,
    month = sep,
   volume = 425,
    pages = {L51-L55},
      doi = {10.1111/j.1745-3933.2012.01298.x},
   adsurl = {http://adsabs.harvard.edu/abs/2012MNRAS.425L..51W},
  adsnote = {Provided by the SAO/NASA Astrophysics Data System}
}

@ARTICLE{Wolcott-Green_2011,
   author = {{Wolcott-Green}, J. and {Haiman}, Z. and {Bryan}, G.~L.},
    title = "{Photodissociation of H$_{2}$ in protogalaxies: modelling self-shielding in three-dimensional simulations}",
  journal = {\mnras},
archivePrefix = "arXiv",
   eprint = {1106.3523},
 primaryClass = "astro-ph.CO",
 keywords = {molecular processes, galaxies: formation, cosmology: theory, early Universe},
     year = 2011,
    month = dec,
   volume = 418,
    pages = {838-852},
      doi = {10.1111/j.1365-2966.2011.19538.x},
   adsurl = {http://adsabs.harvard.edu/abs/2011MNRAS.418..838W},
  adsnote = {Provided by the SAO/NASA Astrophysics Data System}
}

@ARTICLE{Xu_2008,
   author = {{Xu}, H. and {O'Shea}, B.~W. and {Collins}, D.~C. and {Norman}, M.~L. and 
	{Li}, H. and {Li}, S.},
    title = "{The Biermann Battery in Cosmological MHD Simulations of Population III Star Formation}",
  journal = {\apjl},
archivePrefix = "arXiv",
   eprint = {0807.2647},
 keywords = {Cosmology: Theory, Galaxies: High-Redshift, Magnetohydrodynamics: MHD, Stars: Formation},
     year = 2008,
    month = dec,
   volume = 688,
    pages = {L57-L60},
      doi = {10.1086/595617},
   adsurl = {http://adsabs.harvard.edu/abs/2008ApJ...688L..57X},
  adsnote = {Provided by the SAO/NASA Astrophysics Data System}
}

@ARTICLE{Yoshida_2008,
   author = {{Yoshida}, N. and {Omukai}, K. and {Hernquist}, L.},
    title = "{Protostar Formation in the Early Universe}",
  journal = {Science},
archivePrefix = "arXiv",
   eprint = {0807.4928},
     year = 2008,
    month = aug,
   volume = 321,
    pages = {669-},
      doi = {10.1126/science.1160259},
   adsurl = {http://adsabs.harvard.edu/abs/2008Sci...321..669Y},
  adsnote = {Provided by the SAO/NASA Astrophysics Data System}
}
